2886 4666
486 284 595 339 LIBER
613 285 650 340 11.
669 285 745 340 CAP.
765 285 887 340 24-27.
1181 272 1221 334 53

153 447 235 512 ferre
260 452 292 511 et
314 448 494 531 manipulos
521 449 630 512 laxare
658 449 767 528 iussit,
795 468 859 531 quo
886 448 1012 512 facilius
1039 448 1152 532 gladiis
1175 451 1223 513 uti

153 560 291 638 possent.
316 556 408 618 cuius
431 554 572 619 adventu
589 574 644 639 spe
667 555 767 618 inlata
781 555 939 620 militibus
955 576 992 620 ao
1007 557 1250 639 redintegratos

112 662 270 745 manime,
294 681 367 725 cum
389 681 446 744 pro
462 681 496 726 00
513 662 650 745 quisque
672 663 708 725 in
723 666 896 745 conspectu
911 662 1111 746 imperatoris
1128 665 1222 727 etiam

152 769 188 831 in
215 769 369 832 extremis
396 770 464 832 suis
491 769 588 833 rebus
616 787 744 852 operam
771 787 890 832 navare
918 775 1059 853 cuperet,
1090 770 1223 853 paulum

126 875 293 943 rhostium
319 876 459 958 impetus
486 874 630 939 tardatus
658 880 714 939 est.
765 873 891 957 Caesar,
920 877 993 940 cuni
1022 877 1093 940 VII.
1125 876 1223 960 legio-
1240 891 1277 946 aa

153 1001 240 1065 nem,
270 1001 352 1065 quae
375 983 467 1046 iuxta
490 982 688 1063 constiterat,
715 983 792 1056 item
814 984 922 1066 urgeri
950 983 989 1046 ab
1012 985 1102 1047 hoste
1124 982 1223 1047 vidis-

154 1095 216 1172 set,
244 1089 390 1153 tribunos
412 1090 551 1152 militum
578 1089 717 1186 monuit,
744 1095 780 1154 ut
805 1090 959 1173 paulatim
986 1109 1054 1154 sese
1081 1090 1229 1173 legienes

153 1196 385 1280 coniungerent
411 1201 444 1260 00
466 1214 621 1259 conversa
644 1197 737 1280 signa
763 1197 799 1259 in
822 1196 927 1260 hostes
950 1197 1110 1260 inferrent.
1158 1216 1250 1280 quoa

125 1303 234 1368 sfacto
258 1323 333 1366 cum
356 1303 427 1367 aliis
451 1303 506 1366 alii
525 1302 704 1366 subsidium
726 1303 846 1367 ferrent
869 1322 974 1386 neque
997 1304 1158 1385 timerent,
1181 1323 1223 1368 ne

154 1412 258 1475 aversi
285 1410 324 1473 ab
353 1410 443 1474 hoste
475 1411 796 1492 circumvenirentur,
829 1410 983 1474 audacius
1009 1412 1158 1474 resistere
1186 1431 1231 1474 ac·

152 1517 265 1582 fortius
286 1536 431 1602 pugnare
454 1522 635 1600 coeperunt
672 1518 802 1580 interim
817 1518 935 1582 milites
957 1517 1121 1601 legionum
1145 1517 1249 1582 duae

153 1645 238 1707 rum,
271 1644 352 1708 quae
385 1625 420 1687 in
444 1625 618 1688 novissimo
652 1626 779 1707 agmine
802 1625 960 1707 praesidio
989 1624 1222 1708 impedimentis

152 1731 290 1816 fuerant,
313 1732 434 1814 proelio
457 1720 604 1795 nuntiato
621 1751 717 1794 cursu
739 1731 871 1795 incitato
886 1732 921 1794 in
937 1750 1062 1794 summo
1086 1731 1166 1794 colle
1182 1731 1221 1793 ab

114 1858 141 1902 10
153 1838 298 1902 hostibus
326 1838 617 1921 conspiciebantur,
646 1845 678 1902 et
703 1839 735 1901 Τ.
758 1837 918 1902 Labienus
947 1839 1056 1902 castris
1084 1839 1250 1902 hostiumr

153 1947 272 2030 potitus
300 1950 332 2009 et
354 1965 397 2008 ex
428 1946 498 2009 loco
531 1947 693 2028 superiore
725 1964 807 2027 quae
838 1964 890 2009 res
916 1947 951 2008 in
974 1946 1091 2009 nostris
1113 1946 1223 2008 castris

154 2058 341 2136 gererentur
368 2053 572 2136 conspicatus
599 2052 640 2115 X.
669 2053 830 2135 legionem
857 2052 1000 2115 subsidio
1022 2052 1140 2115 nostris
1163 2053 1222 2125 mi,-

154 2161 203 2223 sit.
235 2158 307 2242 'qui
331 2179 405 2222 cum
434 2179 476 2223 ex
503 2161 650 2241 equitum
677 2164 709 2223 et
732 2159 882 2222 calonum
908 2159 984 2242 fuga
1007 2178 1070 2241 quo
1093 2159 1129 2221 in
1150 2158 1249 2223 10005

153 2284 204 2329 res
228 2270 520 2348 essetquantoque
551 2266 586 2328 in
608 2265 750 2349 periculo
784 2271 816 2330 et
843 2271 946 2329 castra
973 2272 1004 2329 et
1026 2266 1168 2349 legiones
1192 2270 1223 2328 00

113 2391 141 2433 15
154 2373 324 2456 imperator
355 2378 536 2436 versaretur
568 2373 805 2458 cognQissent,
842 2373 923 2435 nihil
958 2373 999 2434 ad
1031 2373 1222 2436 celeritatem

128 2477 216 2542 rsibi
238 2479 355 2560 reliqui
377 2480 530 2543 fecerunt.
575 2480 701 2543 Horum
726 2480 868 2544 adventu
891 2484 978 2543 tanta
1005 2498 1115 2543 rerum
1138 2499 1222 2542 com·
1240 2491 1275 2547 at

153 2586 286 2649 mutatio
316 2591 365 2649 est
390 2587 486 2668 facta,
519 2592 555 2650 ut
582 2588 695 2670 nostri,
727 2588 824 2650 etiam
853 2588 909 2669 qni
935 2586 1125 2650 vulneribus
1148 2605 1222 2649 con-

153 2691 228 2756 fecti
250 2692 508 2777 procubuissent,
533 2695 631 2758 scutis
654 2695 760 2758 innixi
782 2695 939 2778 proelium
962 2693 1223 2776 redintegrarent,

154 2799 282 2864 calones
314 2802 497 2884 perterritos
529 2801 636 2865 hostes
668 2803 842 2884 conspicati
875 2802 972 2865 etiam
1003 2803 1141 2864 inermes
1174 2820 1222 2862 ar-

88 2942 91 2950 *
126 2926 140 2968 5
153 2907 247 2969 matis
264 2912 480 2988 occurrerent,
496 2909 620 2990 equites
636 2926 724 2988 vere,
748 2913 785 2971 ut
800 2907 1032 2990 turpitudinem
1046 2907 1141 2990 fugae
1157 2908 1222 2969 vir·
1236 2927 1250 2968 2

154 3017 222 3077 tute
247 3012 402 3096 delerent,
432 3009 580 3078 omnibus
606 3016 641 3077 in
668 3015 747 3078 locis
774 3015 947 3098 pugnando
976 3034 1010 3079 se
1037 3014 1222 3097 legionariis

154 3120 310 3184 militibus
342 3120 546 3204 praeferrent.
593 3126 625 3184 at
657 3121 764 3185 hostes
797 3123 892 3185 etiarn
924 3122 959 3183 in
992 3125 1135 3186 extrema
1167 3139 1249 3205 spes

154 3226 266 3290 salutis
294 3232 416 3290 tantam
438 3230 589 3315 virtutem
612 3229 850 3312 praestiterunt,
878 3234 927 3307 ut,
955 3248 1029 3291 cum
1051 3229 1147 3312 primi
1170 3249 1222 3293 co-

153 3353 226 3396 rum
249 3334 452 3417 cecidissent,
480 3336 619 3419 proximi
646 3335 824 3399 iacentibus
851 3337 1035 3399 insisterent
1062 3340 1156 3417 atque
1180 3356 1222 3399 ex

113 3459 141 3501 1o
154 3459 265 3504 eorum
293 3441 480 3524 corporibus
506 3448 699 3525 pugnarent,
732 3442 781 3505 his
810 3442 940 3506 deiectis
968 3447 1000 3506 et
1028 3444 1250 3506 coacervatis4

244 3635 278 3690 19
297 3634 381 3689 Cuius
401 3635 441 3702 cl3
460 3635 583 3703 Huiusp
614 3641 623 3705 ll
656 3636 687 3689 21
707 3635 735 3688 in
754 3653 806 3690 cm.
827 3656 845 3688 0
877 3637 885 3706 ll
923 3638 1085 3704 0000000οβ
1116 3637 1124 3703 ll
1156 3651 1221 3703 pau-

152 3723 240 3778 lulum
259 3743 281 3776 π

242 3813 289 3869 26.
307 3815 325 3868 5
343 3813 403 3867 aliis
419 3819 449 3880 β;
472 3812 542 3867 alius
562 3833 579 3866 a
611 3815 620 3882 ΙΙ
651 3814 733 3869 ferret
752 3833 770 3866 a
801 3816 810 3883 ll
842 3814 964 3868 dauersi
985 3813 1027 3880 uf,
1051 3814 1191 3878 aduersis
1214 3810 1222 3883 ll

153 3901 290 3957 9inoitati
308 3901 401 3956 Hotm.
443 3902 452 3971 ll
494 3903 529 3958 10
547 3903 574 3956 Τ.
594 3920 682 3974 0000
714 3905 723 3972 ll
765 3905 797 3955 11
821 3902 920 3956 nostris
943 3903 1037 3955 castris
1058 3902 1100 3969 ns,
1129 3902 1222 3956 castris

152 3991 287 4059 nostrisss

241 4079 474 4151 27.4001000οβ;
487 4081 557 4153 tum
666 4066 671 4073 ⁵
695 4058 749 4081 ³
786 4082 791 4089 “
946 4083 988 4134 ta
1014 4085 1023 4149 ΙΙ
1049 4081 1066 4135 6
1082 4082 1222 4150 pugnando

159 4167 366 4239 Weicceubcm3
383 4076 1223 4346 pugnat-meceidissent

152 4274 206 4313 om.
224 4265 243 4327 ,0
546 4272 550 4285 =
