2886 4666
503 306 610 360 LIBER
628 307 677 360 ΠΙ.
698 306 773 360 ΟΑΡ.
794 309 910 362 13-15.
1200 296 1241 358 67

173 470 248 532 satis
280 470 395 552 Bruto,
416 471 488 552 -qui
526 469 618 532 classi
653 476 809 552 praeerat,
846 470 899 533 rel
936 471 1072 534 tribunis
1104 473 1243 535 militum

173 576 490 659 centurionibusque,
528 577 644 658 quibus
681 577 825 659 singulae
856 597 956 641 naves
988 582 1079 641 erant
1110 579 1242 642 attribu-

132 706 159 747 10
173 695 236 764 tac,
264 684 441 765 constabat,
471 683 549 766 quid
576 690 707 766 agerent
735 689 790 746 aut
813 704 909 766 quam
932 685 1089 749 rationem
1116 706 1242 770 pugnae

173 793 364 855 insisterent.
410 795 512 854 rostro
542 791 628 854 onim
661 791 769 854 noceri
797 811 863 853 non
889 810 982 875 posse
1012 799 1270 875 cognoverant34

173 898 315 961 turribus
339 904 446 961 autem
474 897 620 960 excitatis
649 902 754 960 tamen
779 897 834 960 has
864 898 997 961 altitudo
1021 900 1176 982 puppium
1200 919 1242 963 ex

173 1005 315 1068 barbaris
343 1005 480 1068 naribus
508 1003 690 1087 superabat,
718 1009 754 1066 ut
782 1024 886 1087 neque
914 1024 957 1067 eir
988 1005 1139 1069 inferiore
1172 1007 1241 1069 loco

174 1115 249 1176 satis
273 1111 438 1174 commode
467 1112 529 1174 tela
558 1112 643 1194 adigi
670 1117 800 1194 possent
828 1117 859 1175 et
886 1113 983 1175 missa
1007 1132 1025 1174 a
1049 1113 1148 1176 Gallis
1171 1133 1242 1196 gra-

132 1241 158 1280 ro
175 1221 245 1282 vius
272 1219 459 1282 acciderent.
505 1238 571 1280 uua
599 1222 666 1281 erat
692 1238 807 1301 magno
836 1220 910 1281 usui
937 1239 988 1282 res
1015 1225 1201 1303 praeparata
1224 1241 1269 1286 aa

173 1327 300 1408 nostris,
332 1325 429 1388 falces
461 1330 650 1409 praeacutae
682 1326 820 1388 insertae
857 1325 1046 1408 adfixaeque
1079 1327 1241 1409 longuriis,

173 1453 237 1497 non
261 1433 398 1497 absimili
421 1433 523 1496 forma
539 1432 710 1495 muralium
732 1432 869 1495 falcium.
893 1432 1033 1495 hiscum
1055 1433 1161 1516 funes,
1186 1435 1270 1516 quio

173 1547 338 1603 antemnas
367 1540 406 1601 ad
435 1539 534 1603 malos
559 1539 772 1621 destinabant,
801 1540 1020 1622 comprehensi
1048 1541 1241 1623 adductique

173 1653 277 1729 erant,
309 1647 436 1730 navigio
469 1648 565 1709 remis
598 1647 727 1709 incitato
760 1647 1073 1729 praerumpebantur.
1125 1646 1269 1731 quibusa-

132 1776 159 1818 20
173 1755 304 1818 abscisis
328 1759 495 1816 antemnae
518 1754 698 1816 necessario
720 1753 945 1835 concidebant,
968 1760 1018 1834 ut,
1042 1773 1115 1817 cum
1139 1755 1242 1817 omnis

174 1861 304 1925 Gallicis
327 1860 463 1923 navibus
491 1880 562 1943 spes
590 1861 624 1922 in
647 1861 726 1922 velis
754 1862 1021 1943 armamentisque
1050 1863 1242 1943 consisteret,

174 1968 223 2030 his
256 1969 372 2051 ereptis
405 1968 508 2031 omnis
540 1986 618 2029 usus
646 1969 777 2029 navium
801 1987 865 2030 uno
894 1973 1034 2050 tempere
1059 1969 1241 2050 eriperetur.

173 2075 333 2158 reliquum
358 2079 425 2138 erat
448 2079 607 2137 certamen
630 2075 770 2156 positum
786 2075 820 2136 in
836 2076 966 2156 virtute,
991 2095 1054 2156 qua
1070 2076 1169 2138 nostri
1185 2076 1242 2137 mi·
1256 2102 1270 2144 s

173 2183 246 2245 lites
269 2181 361 2244 facile
385 2181 590 2264 superabant,
615 2186 710 2262 atque
727 2201 763 2244 eo
780 2183 893 2264 magis,
918 2182 1004 2263 quod
1019 2183 1053 2243 in
1070 2187 1241 2264 conspectu

132 2309 158 2364 aa
174 2289 316 2352 Caesaris
341 2294 435 2369 atque
460 2289 562 2350 omnis
586 2288 747 2350 exercitus
770 2306 821 2350 res
844 2288 1025 2370 gerebatur,
1055 2293 1090 2350 ut
1117 2290 1241 2351 nullum

173 2396 268 2478 paulo
291 2394 403 2458 fortius
426 2395 545 2458 factum
567 2395 665 2458 latere
688 2399 807 2476 posset,
837 2414 947 2457 omnes
971 2396 1056 2458 enim
1085 2394 1181 2458 celles
1205 2415 1269 2463 aco

174 2502 243 2565 loca
266 2503 442 2585 superiora,
470 2501 556 2564 unde
581 2507 648 2564 erat
670 2501 870 2583 propinquus
894 2501 1061 2584 despectus
1089 2502 1123 2563 in
1146 2521 1241 2582 mare,

148 2609 213 2672 rab
239 2609 383 2672 exercitu
407 2608 606 2672 tenebantur.
652 2607 805 2688 Deiectis,
833 2613 869 2670 ut
893 2609 1047 2685 diximus,
1076 2610 1241 2692 antemnis,
1260 2628 1296 2680 15

174 2736 248 2778 cum
272 2717 414 2799 singulas
438 2715 533 2778 binae
557 2735 594 2778 ac
618 2720 727 2778 ternae
751 2734 849 2778 naves
873 2717 1159 2797 circumsteterant,
1182 2717 1241 2777 mi-

172 2823 244 2886 lites
268 2842 393 2885 summa
417 2823 449 2884 vi
477 2823 701 2885 transcendere
725 2823 757 2883 in
781 2822 920 2885 hostium
947 2842 1047 2885 naves
1070 2823 1241 2885 contende-

174 2930 257 2992 bant.
305 2930 391 3010 quod
413 2934 583 3011 postquam
609 2929 737 2992 barbari
764 2928 833 2992 fieri
857 2930 1162 3010 animadverterunt,
1187 2949 1269 2995 err-2

146 3056 159 3096 a
174 3037 322 3119 pugnatis
332 3035 549 3119 compluribus
562 3036 706 3117 navibuS,
717 3055 790 3098 oum
802 3037 832 3098 ei
847 3037 894 3098 rei
910 3037 1035 3098 nullum
1050 3037 1242 3118 reperiretur

173 3143 344 3224 auxilium,
367 3142 442 3225 fuga
465 3122 607 3206 salutem
621 3146 727 3224 petere
752 3142 990 3206 contenderunt.
1020 3161 1057 3205 ac
1079 3145 1143 3206 iam
1167 3162 1269 3210 coir-3

174 3251 273 3314 versis
295 3251 331 3312 in
355 3254 569 3332 campartem
593 3249 742 3331 navibus,
772 3269 835 3331 quo
859 3255 974 3313 ventus
997 3250 1130 3331 ferebat,
1154 3255 1242 3313 tanta

174 3358 278 3420 subito
313 3358 446 3419 malacia
479 3377 515 3419 ac
553 3356 767 3438 tranquillitas
804 3357 923 3440 extitit,
960 3362 996 3420 ut
1030 3376 1064 3420 se
1099 3376 1140 3420 ex
1171 3357 1241 3420 loco

174 3483 302 3528 movere
326 3484 392 3526 non
414 3468 551 3546 possent.
598 3483 680 3545 quae
697 3465 826 3545 quidem
849 3483 900 3528 res
924 3464 963 3526 ad
979 3465 1143 3546 negotium
1166 3483 1270 3529 con-r

263 3695 296 3747 13
315 3694 481 3761 inferioreu,
501 3694 665 3762 supen'orept
696 3693 705 3761 ll
738 3695 772 3746 14
786 3693 850 3746 satis
864 3694 1100 3760 commodeom.p
1132 3694 1140 3762 ll
1172 3694 1241 3762 adigi

173 3783 277 3849 Modo.;
296 3783 364 3836 adici
382 3783 412 3836 X
441 3785 449 3852 ll
481 3783 513 3836 ab
524 3803 542 3834 a
574 3784 582 3852 ll
616 3782 785 3851 lblongiuiis
799 3783 838 3835 ed.
852 3784 878 3849 13
896 3781 1013 3850 longuris
1027 3782 1058 3835 X
1077 3788 1086 3851 tl
1111 3783 1143 3836 18
1158 3783 1240 3836 desti-

173 3874 270 3927 nabant
292 3872 357 3939 Q⁹o;
378 3873 543 3926 destinabant
565 3872 651 3940 (Μὴ
671 3871 831 3925 distinebant
850 3871 909 3925 aar
940 3873 948 3941 ΙΙ
981 3873 1015 3926 19
1034 3871 1241 3940 prorumpeban-

173 3966 250 4028 turfl
282 3964 290 4030 ll
323 3962 357 4016 20
376 3962 485 4015 abscisis
505 3981 535 4028 a;
555 3961 679 4030 praecisis
697 3969 715 4028 β

261 4052 306 4106 15.
328 4053 341 4104 1
362 4051 471 4104 deiectis
490 4051 531 4118 a¹3
550 4050 668 4104 disiectis
686 4050 716 4102 X
746 4052 753 4118 ll
787 4050 1081 4118 2oiroumsisterentrl
1112 4051 1122 4121 ll
1151 4050 1242 4107 4fiflri
1327 4120 1332 4127 Ι

172 4141 309 4207 barbaria
341 4143 349 4210 il
381 4140 644 4206 dcentondebantfl
676 4141 684 4208 ll
717 4141 803 4208 lquo
823 4157 853 4205 ας
873 4140 899 4192 in
914 4146 1023 4208 quamss
1053 4141 1062 4210 ll
1092 4090 1404 4398 Ἢ

173 4231 221 4296 ola
240 4230 379 4296 maliciap
411 4230 419 4297 ll
451 4246 481 4282 ac
502 4248 530 4295 a3
549 4232 610 4296 etp
642 4229 650 4296 lt
682 4229 825 4283 9mouera
843 4235 872 4295 β;
892 4243 1061 4285 cornmonera
1078 4246 1098 4283 a
1164 4288 1167 4295 ,

1042 4318 1080 4375 51
1143 4338 1148 4345 .
