2886 4666
480 286 589 341 LIBER
606 287 680 341 vm.
700 286 776 341 CAP.
796 288 920 343 46-48.
1170 273 1233 336 247

167 455 262 532 atque
285 449 456 533 auxilium,
479 469 521 513 ne
544 469 602 512 sna
622 451 757 514 vulnera
778 469 835 533 per
857 449 954 514 fidem
977 450 1126 533 imposita
1148 455 1234 534 pate-

165 563 277 621 rentur
291 558 459 640 impunita,
482 575 699 639 conversoque
716 575 799 638 equo
815 577 849 621 se
869 557 913 642 †a
935 558 1051 621 ceteris
1073 558 1234 623 incautius

166 664 319 746 permittit
346 665 383 727 in
409 662 612 747 praefectum.
658 664 779 726 faciunt
811 664 871 726 hoc
903 664 990 729 idem
1022 683 1132 728 omnes
1165 666 1262 730 eiust

125 795 152 838 15
166 772 289 854 equites
312 789 494 853 paucosque
522 774 647 834 nostros
676 774 865 834 convertunt
890 776 986 853 atque
1005 761 1232 852 insequuntur.

166 875 330 941 Oommins
347 879 515 941 incensum
534 877 712 940 calcaribus
731 896 850 959 equum
868 878 1034 960 coniungit
1049 896 1132 960 equo
1150 876 1261 952 Quas

166 985 247 1047 drati
269 985 443 1066 lanceaque
467 983 581 1047 infesta
603 984 747 1047 medium
760 984 866 1048 femur
886 986 956 1048 eius
971 986 1095 1067 magnis
1111 984 1233 1048 viribus

165 1091 278 1155 traicit
324 1090 482 1173 praefecto
507 1090 672 1153 vulnerato
700 1110 767 1153 non
791 1090 937 1154 dubitant
964 1091 1066 1154 nostri
1088 1092 1261 1159 resisteres

166 1203 198 1262 et
220 1197 384 1261 conversis
407 1199 498 1279 equis
518 1197 639 1260 hostem
656 1197 783 1280 pellere.
823 1198 909 1278 quod
924 1197 981 1259 ubi
997 1198 1124 1281 accidit,
1148 1217 1260 1268 com-7

122 1327 152 1370 ao
165 1305 273 1388 plures
296 1305 435 1368 hostium
459 1324 574 1387 magno
602 1309 783 1367 nostrorum
811 1305 934 1388 impetu
960 1305 1098 1387 perculsi
1121 1305 1234 1369 vulne·

165 1416 277 1474 rantur
292 1431 328 1475 ac
344 1411 459 1494 partim
474 1412 510 1473 in
524 1410 600 1494 fuga
614 1415 828 1494 proteruntur,
843 1412 957 1493 partim
974 1411 1232 1494 intercipiuntur;

167 1519 253 1599 quod
277 1517 356 1601 [ubi]
381 1517 500 1580 malum
529 1517 597 1580 dux
620 1519 696 1598 equi
718 1516 886 1581 velocitate
910 1518 1048 1581 evitavit.
1093 1519 1234 1601 graviter

164 1624 352 1688 vulneratus
380 1624 569 1707 praefectus,
597 1630 633 1687 ut
655 1625 739 1687 vitae
765 1625 945 1707 periculum
973 1623 1119 1687 aditurus
1145 1625 1233 1688 vide-

164 1736 265 1813 retur,
283 1730 417 1794 refertur
437 1733 471 1793 in
492 1736 601 1794 castra.
640 1728 802 1794 Commius
818 1735 924 1794 autern
944 1731 1012 1793 sive
1027 1731 1154 1814 expiato
1175 1751 1260 1798 suos

122 1859 152 1903 aa
166 1838 273 1901 doloro
301 1839 368 1901 sive
394 1857 511 1920 magna
537 1843 625 1921 parte
653 1839 769 1901 amissa
796 1857 929 1901 suorum
955 1838 1075 1921 legatos
1103 1837 1143 1900 ad
1166 1838 1233 1901 An-

165 1945 290 2008 tonium
313 1945 409 2008 mittit
428 1963 527 2026 seque
551 1949 582 2007 et
604 1944 651 2006 ibi
674 1946 832 2027 futurum,
857 1944 913 2007 ubi
928 1946 1178 2028 praescripserit,
1202 1950 1234 2009 et

165 2070 203 2114 ea
217 2051 389 2133 facturum,
410 2070 492 2134 quae
507 2051 684 2134 imperarit,
708 2051 873 2114 obsidibus
889 2051 972 2114 datis
992 2050 1109 2132 firmat;
1132 2071 1261 2117 nnuma

165 2157 247 2220 illud
275 2162 344 2221 orat
370 2165 406 2221 ut
433 2159 539 2221 timori
567 2178 625 2221 suo
654 2156 857 2240 concedatur,
891 2177 932 2220 no
964 2159 999 2220 in
1027 2165 1233 2241 conspectum

164 2265 273 2327 veniat
295 2265 485 2346 cuiusquam
507 2265 652 2328 Romani.
691 2265 785 2327 cuius
808 2263 1054 2345 postulationem
1072 2265 1233 2328 Antonius

121 2391 151 2434 ao
165 2389 239 2434 cum
259 2371 414 2434 iudicaret
433 2371 472 2434 ab
493 2373 576 2434 iusto
597 2372 686 2434 nasci
701 2371 829 2452 timore,
848 2371 976 2434 veniam
996 2372 1118 2452 petenti
1138 2370 1233 2453 dedit,

165 2477 290 2541 obsides
315 2480 442 2560 accepit.
1152 2541 1153 2546 ,

254 2583 326 2647 Scio
356 2583 521 2649 Gaesarem
552 2585 751 2668 singulorum
783 2603 940 2647 annorum
973 2583 1118 2666 singulos
1148 2604 1273 2650 com-10

164 2692 334 2754 montarios
358 2692 545 2772 confecisse3
572 2692 657 2775 quod
681 2711 740 2774 ego
764 2711 830 2754 non
854 2691 1037 2754 existimavi
1060 2691 1139 2753 mihi
1163 2710 1232 2755 esse

163 2798 359 2880 faciendum,
392 2803 557 2882 propterea
590 2799 676 2880 quod
708 2800 881 2881 insequens
915 2817 1031 2878 annuo,
1058 2796 1092 2861 L.
1121 2796 1232 2879 Paulo,

122 2926 150 2968 aa
165 2903 196 2967 O.
225 2904 375 2969 Marcello
404 2906 602 2987 consulibus,
635 2905 740 2968 nullas
769 2924 819 2968 res
849 2904 968 2968 Galliae
997 2903 1091 2966 habet
1116 2924 1231 2987 magno

165 3031 259 3094 opere
281 3018 394 3095 gestas.
440 3014 577 3094 nequis
606 3017 712 3075 tamen
742 3013 917 3094 ignoraret,
947 3011 1064 3093 quibus
1092 3013 1127 3074 in
1153 3012 1232 3074 locis
1247 3037 1272 3076 tt

254 3314 287 3366 12
306 3331 354 3383 per
371 3315 451 3368 fidem
469 3313 535 3381 BM;
554 3314 663 3382 perfidia
677 3314 738 3383 pSp
769 3315 778 3382 Η
811 3313 932 3381 imposita
952 3313 985 3380 ἃς
1003 3313 1160 3381 interposita
1177 3314 1208 3366 X
1224 3312 1231 3385 ΗΗ

165 3402 206 3454 12.
228 3403 261 3455 13
284 3403 369 3456 inulta
390 3405 543 3472 paterentur
568 3403 605 3470 Sp
640 3405 649 3467 Η
687 3404 720 3455 14
739 3403 789 3456 hoo
808 3419 859 3455 om.
882 3403 919 3469 Sp
955 3403 963 3471 ΗΗ
1001 3404 1034 3456 15
1052 3405 1132 3471 atque
1152 3421 1182 3469 a;
1206 3405 1233 3455 et

165 3491 203 3558 Sp
238 3494 247 3558 Η
285 3494 318 3547 16
337 3493 421 3561 iungit
441 3492 478 3560 Sp
512 3492 521 3560 ΗΗ
559 3494 590 3545 17
614 3492 711 3545 infesta
728 3498 757 3558 β;
780 3491 876 3544 infesta
895 3507 910 3545 a
929 3492 970 3559 (ac
984 3492 1015 3561 χ)
1036 3511 1053 3542 a
1090 3492 1098 3561 ΗΗ
1137 3491 1231 3544 17.18

163 3582 282 3634 medium
300 3581 386 3634 femur
405 3582 461 3634 eius
481 3581 583 3650 magnis
602 3581 703 3635 uiribus
722 3581 809 3635 traicit
823 3581 870 3648 Sp,
884 3580 987 3650 magnis
1000 3581 1100 3633 uiribus
1114 3580 1232 3633 medium

163 3669 251 3724 femur
268 3671 355 3724 traicit
373 3671 495 3724 noluseni
514 3691 532 3722 α
563 3671 571 3739 ΗΗ
606 3671 638 3724 19
658 3670 780 3724 conuersi
801 3670 839 3737 Sp
870 3669 879 3736 Η
911 3670 986 3738 equis
1005 3687 1057 3721 om.
1079 3669 1116 3736 Sp
1152 3673 1161 3736 Η
1198 3669 1231 3722 21

161 3775 193 3812 ac
212 3778 242 3827 α;
262 3762 290 3813 et
309 3760 346 3828 Sp
378 3761 386 3829 ΗΗ
418 3760 508 3829 fugam
528 3760 565 3825 Sp
596 3759 605 3827 Η
638 3759 671 3811 22
690 3760 736 3812 ubi
755 3759 877 3811 emend.
892 3758 1017 3824 Noraic.;
1037 3758 1086 3811 del.
1107 3757 1204 3811 Deoia.
1224 3757 1231 3830 ΗΗ

163 3849 258 3902 uitauit
273 3849 310 3916 Sp
342 3850 350 3917 Η
382 3849 497 3917 grauiter
505 3856 555 3917 χβς
577 3850 613 3901 Ac
632 3848 655 3900 si
673 3848 771 3916 proelio
790 3848 907 3901 secundo
920 3848 1036 3915 grauiter
1049 3848 1081 3901 ab
1100 3863 1131 3901 eo
1149 3846 1210 3899 ΒΜ
1223 3846 1231 3918 ΗΗ

163 3937 198 3991 26
217 3940 243 3991 et
262 3938 298 3991 ibi
316 3956 345 4002 a3
364 3938 400 3992 ibi
420 3938 457 4004 Sp
489 3937 497 4005 ΗΗ
530 3938 562 3990 27
583 3937 650 3990 datis
670 3955 722 3990 om.
736 3936 796 3989 ΒΜ
823 3937 831 4006 Η
864 3937 897 3990 29
918 3936 1000 3990 Cuius
1014 3955 1042 4002 a,
1062 3935 1147 4002 Quam
1168 3937 1205 4003 Sp
1223 3935 1231 4007 ΗΗ

163 4025 1231 4096 3013111134111091111110111.3Η1ΗΙ1Α111.;Τ.ΧΗ35.ο.α;εῒο.β;

162 4116 233 4169 etS
262 4117 271 4182 Η
304 4116 404 4170 Galliae
422 4118 472 4169 dat.
497 4116 564 4170 Oad.
597 4116 606 4183 Η
638 4116 680 4168 35.
701 4116 734 4169 36
753 4115 840 4168 nullas
859 4115 939 4168 habet
957 4131 1115 4184 magnopere
1137 4115 1231 4183 galliae

162 4220 206 4258 res
224 4207 313 4273 gestas
331 4205 391 4258 ΒΜ
