2886 4666
496 308 604 362 LIBER
622 309 655 363 V.
675 309 750 364 CAP.
771 309 893 364 49-53.
1168 294 1230 356 129

164 472 304 554 relinqui
332 471 486 557 ridebat],
520 472 669 535 omnibus
701 473 768 534 suis
795 470 1011 535 incolumibus
1039 471 1151 534 eodem
1179 470 1255 558 die¹

164 579 204 642 ad
228 578 414 642 Ciceronem
436 579 589 662 pervenit.
636 579 797 642 institutas
821 583 936 660 turrea,
960 578 1136 641 testudines
1160 596 1259 642 mu-‘r

136 687 365 768 unitionesque
385 686 527 749 hostium
546 686 732 766 admiratur,
752 685 907 768 producta
924 685 1049 768 legione
1069 685 1232 768 cognoscit

136 877 138 879 ι
165 812 230 854 non
253 793 413 856 decimum
437 811 596 875 quemque
625 811 692 856 esse
718 792 878 874 reliquum
901 791 1038 855 militem
1065 792 1136 855 sine
1162 791 1231 854 vul-

164 919 255 979 nere;
280 918 322 963 ex
344 900 394 962 his
418 899 567 963 omnibus
585 899 707 962 iudicat
724 899 833 980 rebus,
858 903 976 982 quanto
996 919 1071 962 cunr
1088 898 1258 982 periculos

165 1011 196 1070 et
220 1011 339 1088 quanta
360 1007 478 1070 virtute
501 1025 552 1070 res
580 1007 643 1069 sint
671 1005 914 1069 administratae.
961 1005 1149 1069 Ciceronem
1174 1005 1259 1087 pror

165 1113 234 1176 eius
257 1113 370 1176 merito
393 1113 619 1196 legionemque
642 1112 824 1193 conlaudat,
854 1113 1059 1175 centuriones
1087 1113 1230 1196 singilla-

124 1240 151 1283 ιο
164 1221 221 1282 tim
241 1219 449 1301 tribunosque
468 1220 608 1282 militum
627 1219 774 1303 appellat,
799 1239 937 1302 quorum
956 1221 1115 1303 egregiam
1134 1219 1231 1282 fuisse

165 1327 316 1390 virtutem
339 1327 518 1390 testimonio
543 1325 703 1390 Ciceronis
727 1331 925 1408 cognoverat.
963 1326 1002 1390 de
1022 1345 1098 1389 casu
1122 1324 1232 1389 Sabini

165 1438 196 1497 et
219 1432 327 1496 Cottae
351 1434 468 1496 certius
491 1453 532 1497 ex
556 1434 690 1516 captivis
714 1435 884 1516 cognoscit.
931 1438 1055 1517 postero
1080 1433 1132 1496 die
1156 1451 1258 1496 con-5

165 1539 250 1602 tione
279 1540 386 1604 habita
412 1559 480 1603 rem
508 1546 629 1623 gestam
656 1541 816 1623 proponit,
843 1540 962 1602 milites
991 1539 1173 1603 consolatur
1201 1544 1232 1602 et

165 1645 342 1726 confirmat,
380 1647 465 1729 quod
493 1647 719 1711 detrimentum
748 1647 842 1730 culpa
869 1652 901 1710 et
928 1648 1103 1710 temeritate
1135 1647 1259 1728 legatio

126 1773 152 1815 15
167 1753 209 1816 sit
232 1759 408 1837 acceptum,
432 1755 492 1817 hoo
516 1755 665 1837 aequiore
690 1755 796 1817 animo
820 1753 993 1817 ferundum
1017 1753 1120 1834 docet,
1146 1752 1232 1835 quod

166 1859 320 1923 beneficio
344 1860 476 1924 deorum
504 1861 732 1923 immortalium
760 1866 792 1924 et
820 1862 936 1923 virtute
965 1879 1076 1924 eorum
1104 1860 1231 1942 expiato

166 1967 366 2037 incommodo
399 1987 505 2050 neque
538 1967 682 2031 hostibus
715 1969 839 2031 diutina
870 1967 991 2031 laetitia
1021 1986 1127 2050 neque
1155 1967 1232 2048 ipsis

165 2073 291 2156 longior
314 2074 403 2136 dolor
425 2075 634 2155 relinquatur.

87 2166 89 2171 ’
138 2200 151 2241 r
254 2180 387 2243 Interim
416 2181 455 2243 ad
478 2181 656 2244 Labienum
683 2201 740 2264 per
767 2181 884 2244 Remos
911 2180 1092 2243 incredibili
1120 2180 1230 2243 celeri·
1250 2195 1286 2250 53

166 2290 229 2348 tate
253 2286 293 2349 de
316 2288 449 2350 victoria
472 2287 614 2351 Caesaris
636 2288 720 2350 fama
746 2288 915 2371 perfertur,
943 2292 992 2369 ut,
1020 2306 1094 2349 cum
1122 2287 1160 2350 ab
1185 2287 1232 2348 hi-

167 2391 273 2455 bernis
293 2392 455 2457 Ciceronis
473 2394 563 2456 milia
580 2415 733 2477 passuum
752 2395 876 2458 abesset
902 2395 1028 2457 circiter
1047 2393 1107 2457 LX
1131 2412 1231 2476 eoque

166 2504 236 2581 post
258 2501 368 2562 horam
390 2520 509 2564 nonam
534 2501 597 2563 diei
621 2499 735 2565 Caesar
757 2501 966 2584 pervenisset,
996 2506 1069 2563 ante
1092 2500 1232 2562 mediam

137 2611 292 2669 anoctem
310 2607 350 2668 ad
371 2616 476 2690 portas
495 2613 671 2671 castrorum
690 2608 809 2671 clamor
823 2613 983 2690 oreretur,
1008 2626 1070 2689 quo
1095 2607 1231 2670 clamore
1324 2615 1328 2620 '

166 2713 353 2796 significatio
374 2716 523 2779 victoriae
538 2716 773 2796 gratulatioque
793 2715 831 2777 ab
847 2715 955 2778 Remis
974 2714 1115 2778 Labieno
1134 2712 1231 2775 fieret.

165 2820 224 2882 hac
246 2820 332 2883 fania
355 2822 395 2884 ad
416 2823 568 2885 Treveros
592 2823 712 2906 perlata
739 2823 993 2902 Indutiomarus,
1022 2822 1078 2904 qui
1106 2826 1259 2903 posterea

166 2925 216 2989 die
245 2933 346 2990 castra
374 2927 506 2991 Labieni
535 2948 716 3012 oppugnare
744 2929 939 3011 decreverat,
968 2933 1065 2990 noctu
1093 2927 1233 3010 profugit

167 3035 335 3117 copiasque
369 3054 479 3099 omnes
511 3038 546 3098 in
577 3036 730 3099 Treveros
761 3037 893 3099 reducit.
950 3033 1063 3098 Caesar
1094 3034 1258 3098 Fabiuma

126 3157 152 3200 ro
166 3159 240 3202 cum
263 3161 319 3203 sua
343 3142 468 3225 legione
492 3143 626 3206 remittit
648 3144 682 3204 in
705 3142 851 3222 hiberna,
875 3144 943 3225 ipse
967 3161 1038 3205 cum
1064 3142 1114 3205 lll
1132 3141 1232 3224 legio-

166 3246 260 3309 nibus
284 3250 404 3311 circum
428 3247 682 3312 Samarobrivam
710 3250 803 3312 trinis
826 3249 968 3312 hibernis
993 3250 1132 3312 hiemare
1157 3268 1231 3311 con·

255 3495 271 3547 3
290 3495 394 3548 uidebat
412 3485 452 3562 X3
474 3496 580 3550 uolebat
601 3496 710 3560 Lamia,
734 3497 794 3549 Jar.
837 3497 845 3566 {t
887 3497 910 3548 2.
931 3498 947 3550 3
966 3513 1052 3564 neque
1071 3497 1150 3548 etiam

166 3582 278 3650 relinqui
297 3584 403 3637 uidebat
420 3586 470 3637 dat.
490 3585 578 3638 Beati.
620 3585 628 3652 ΙΙ
670 3585 896 3654 3incolumibus]
920 3585 1000 3653 copiis
1025 3585 1085 3637 add.
1108 3604 1125 3635 u
1166 3586 1173 3652 tt
1215 3586 1231 3637 5

165 3671 279 3738 Legione
298 3673 425 3740 producta
444 3694 461 3725 o
494 3674 502 3741 b
534 3675 703 3728 Cdecimum
723 3691 883 3743 quemquam
903 3690 961 3726 esse
981 3674 1137 3739 relictumri
1169 3675 1177 3741 b
1216 3675 1230 3725 7

166 3759 207 3812 bis
228 3760 276 3827 Sp,
300 3761 331 3814 iis
350 3761 436 3814 ΑΒΜ
472 3763 480 3829 Η
521 3763 737 3831 8quantaou1n
759 3764 858 3815 uirtute
878 3783 894 3813 a
936 3763 944 3830 1}
989 3762 1027 3815 10.
1051 3764 1079 3812 ll
1104 3763 1230 3814 uirtutem

165 3848 282 3916 fuisseft
307 3852 315 3919 il
344 3852 376 3903 12
395 3859 444 3918 ep
467 3853 475 3920 Η
501 3854 532 3905 15
553 3853 719 3919 serendump
751 3853 759 3920 ll
793 3852 950 3904 itinerario
971 3870 1000 3917 a,
1020 3851 1124 3903 iactatio
1144 3851 1232 3903 *Paul

253 3957 299 4011 53.
319 3959 335 4010 3
355 3974 482 4025 passuum
502 3959 566 4011 LX.
588 3960 664 4023 (XL.
685 3962 710 4028 ρ)
731 3960 835 4012 abesset
852 3966 869 4025 β
905 3959 913 4025 ll
950 3961 965 4011 5
986 3959 1098 4010 oriretur
1118 3958 1231 4026 Sg²M²o

165 4044 213 4110 b⁸f
226 4045 260 4098 ia
277 4064 334 4099 roa.
371 4048 379 4114 ll
417 4049 728 4115 interrumpente
763 4050 771 4117 [t
810 4048 1035 4100 7induciomarus
1055 4046 1129 4113 Allf
1156 4048 1164 4114 tl
1199 4048 1231 4101 10

165 4150 224 4186 cum
243 4133 345 4203 legione
364 4136 391 4188 iu
410 4153 459 4190 sua
478 4139 588 4190 remittit
606 4138 714 4190 hiberna
732 4145 749 4203 β
780 4139 788 4202 tt
826 4140 857 4188 ll
878 4136 1085 4189 samarobriuam
1105 4137 1137 4188 M
1142 4137 1163 4203 ⁹3
1188 4153 1231 4189 sa·

165 4224 425 4292 n1a1·ob1·iumab(l);
445 4227 636 4279 samarobrium
655 4227 684 4278 X

209 4329 288 4372 Caesar
301 4331 318 4375 Ι.
334 4332 367 4374 ed.
383 4332 472 4375 Meusel.
1055 4316 1071 4368 9
