2886 4666
516 307 622 361 LIBER
640 309 715 362 VIII.
735 308 810 362 CAP.
831 309 951 364 23-26.
1200 296 1269 358 233

198 490 272 533 curn
306 471 434 554 legione
466 470 541 534 XII,
579 471 640 534 sibi
673 473 844 555 coniungit.
895 472 928 535 O.
957 471 1091 535 Fabium
1124 473 1266 554 legatum

198 595 271 640 cum
293 577 475 642 cohortibus
493 577 592 640 XXV
612 579 709 641 mittit
731 580 767 641 in
786 579 1033 642 diversissimam
1052 585 1174 662 partem
1191 579 1267 645 Gal·

197 683 273 766 liae,
302 685 388 767 quod
416 685 463 747 ibi
493 685 646 766 quasdam
669 686 814 748 civitates
841 687 997 749 inarmis
1021 706 1090 750 esse
1114 688 1268 751 audiebat

198 809 303 872 neque
327 789 358 854 C.
381 790 550 854 Caninium
573 791 723 855 Rebilum
750 793 904 875 legatum,
933 794 989 875 qui
1016 795 1050 856 in
1074 794 1137 857 illis
1160 796 1265 877 regio-

157 896 294 964 mnibus
318 904 396 981 erat,
419 901 494 962 satis
517 897 624 961 firmas
648 900 728 963 duas
751 899 893 982 legiones
917 899 1032 963 habere
1053 902 1264 965 existimabat.

197 1003 228 1067 T.
251 1003 428 1068 Labienum
458 1006 498 1069 ad
525 1025 559 1070 se
588 1011 711 1085 evocat,
745 1007 904 1090 legionem
931 1012 1038 1070 autem
1061 1007 1148 1089 XV,
1181 1027 1264 1091 quae
1278 1031 1299 1072 a

198 1131 270 1174 oum
296 1130 332 1175 eo
355 1113 458 1175 fuerat
481 1114 515 1175 in
537 1113 693 1195 hibernis,
720 1114 754 1175 in
779 1119 917 1196 togatam
941 1114 1074 1178 Galliam
1102 1117 1201 1179 mittit
1223 1117 1262 1179 ad
1363 1133 1370 1149 ⁶

198 1218 338 1282 colonias
362 1220 479 1281 civium
499 1220 716 1283 Romanorum
740 1221 888 1303 tuendas,
912 1239 952 1283 ne
977 1222 1063 1304 quod
1087 1223 1191 1287 simile
1214 1225 1264 1285 in-

198 1325 400 1388 commodum
424 1327 582 1390 accideret
601 1327 789 1390 decursione
808 1327 1027 1407 barbarorum,
1051 1347 1087 1391 ao
1103 1332 1265 1412 superiore

157 1455 183 1496 15
197 1436 314 1495 aestate
337 1433 528 1516 Tergestinis
551 1434 721 1517 acciderat,
751 1436 806 1516 qui
832 1436 997 1518 repentino
1027 1437 1193 1500 latrocinio
1218 1443 1264 1501 at-

198 1557 259 1621 que
281 1540 404 1622 impetu
427 1540 609 1622 lllyriorum
635 1545 724 1604 erant
747 1543 897 1624 oppressi.
938 1544 1006 1626 ipse
1031 1543 1071 1606 ad
1094 1545 1264 1609 vastandos
1277 1564 1298 1605 1.

197 1646 499 1730 depopulandosque
520 1646 600 1711 fines
616 1648 811 1731 Ambiorigis
827 1648 1051 1731 proficiscitur,
1076 1670 1169 1733 quem
1194 1672 1265 1734 per-

198 1755 341 1816 territum
366 1773 401 1816 ao
421 1755 597 1837 fugientem
621 1775 693 1818 oum
717 1756 820 1839 redigi
842 1776 935 1840 posse
959 1758 1103 1820 insuam
1127 1764 1264 1841 potesta·

197 1864 261 1923 tem
286 1860 494 1943 desperasset,
523 1863 706 1944 proximum
736 1883 811 1927 suae
840 1864 1002 1947 dignitatis
1031 1884 1098 1928 esse
1122 1865 1268 1948 ducebat,

157 1987 184 2029 ao
198 1967 276 2030 adeo
300 1966 381 2030 fines
405 1969 474 2031 eius
490 1973 613 2032 vastare
636 1970 773 2051 civibuS,
797 1971 961 2053 aedificiis,
985 1991 1111 2055 pecore,
1134 1978 1171 2035 ut
1192 1974 1266 2037 odio

198 2092 328 2137 suorum
352 2074 535 2157 Ambiorix,
562 2077 590 2138 si
615 2096 694 2158 quos
716 2078 842 2140 fortuna
865 2079 1005 2161 reliquos
1028 2080 1164 2159 fecisset,
1192 2081 1265 2144 nul-

197 2180 266 2242 lum
288 2182 426 2244 reditum
448 2187 577 2265 propter
600 2188 703 2246 tantas
727 2185 919 2247 calamitates
942 2186 1072 2249 haberet
1095 2188 1128 2248 in
1154 2189 1265 2250 civita-

171 2291 270 2349 1tem.
310 2285 390 2351 Cum
411 2289 446 2351 in
463 2308 573 2352 omnes
588 2295 693 2372 partes
709 2269 822 2352 finium
840 2291 1036 2371 Ambiorigis
1053 2298 1108 2354 aut
1123 2294 1264 2375 legiones
1282 2303 1326 2357 25

199 2399 253 2456 aut
281 2396 402 2458 auxilia
431 2395 603 2460 dimisisset
634 2401 728 2478 atque
761 2399 869 2460 omnia
901 2398 1065 2480 caedibus,
1097 2400 1266 2483 incendiis,

198 2502 317 2583 rapinis
341 2507 505 2584 vastasset,
533 2522 647 2585 magno
671 2523 805 2566 numero
834 2505 998 2568 hominum
1022 2506 1185 2569 interfecto
1210 2513 1266 2570 aut

199 2613 288 2690 capto
304 2608 481 2672 Labienum
503 2628 573 2673 cum
593 2610 717 2672 duabus
733 2611 911 2694 legionibus
931 2613 964 2673 in
981 2612 1133 2676 Treveros
1154 2615 1263 2694 mittit3

170 2734 337 2796 equorum
366 2717 477 2778 civitas
504 2723 632 2799 propter
657 2716 844 2781 Germaniae
872 2720 1068 2782 vicinitatem
1097 2720 1297 2784 cotidianisa

198 2823 372 2886 exercitata
394 2822 486 2885 bellis
510 2823 597 2886 cultu
621 2829 652 2887 et
674 2824 797 2887 feritate
820 2844 886 2886 non
904 2826 1039 2888 multum
1060 2848 1078 2889 a
1098 2827 1266 2892 Germanis

199 2927 362 2993 differebat
389 2948 493 3010 neque
519 2932 672 3012 imperata
705 2950 857 3013 umquam
889 2933 952 2994 nisi
985 2934 1127 2996 exercitu
1157 2941 1265 2999 coacta

197 3033 339 3098 faciebat.

172 3163 183 3202 1
287 3143 419 3205 Interim
448 3143 480 3206 O.
505 3142 657 3207 Caninius
684 3145 819 3228 legatae,
848 3164 920 3207 curn
949 3166 1096 3229 magnam
1120 3150 1265 3213 multitu·
1283 3155 1327 3210 26

199 3247 307 3311 dinem
331 3252 517 3314 convenisse
541 3251 680 3313 hostium
702 3254 735 3313 in
754 3252 834 3314 finos
855 3252 1023 3316 Pictonum
1047 3255 1161 3320 litteris
1180 3277 1265 3319 nun-

288 3445 311 3496 7.
331 3443 348 3494 8
361 3443 455 3512 galliae
468 3445 570 3511 partem
585 3445 621 3511 Sp
653 3446 661 3513 ll
693 3446 717 3498 9.
733 3446 766 3499 10
779 3446 824 3514 qui
837 3446 889 3499 illis
903 3448 1053 3516 regionibus
1067 3454 1186 3516 praeerat
1200 3451 1238 3517 Sp
1255 3449 1266 3521 ll

198 3532 232 3585 10
251 3532 314 3584 satis
337 3533 441 3585 firmam
464 3532 594 3601 legionem
617 3534 706 3602 Ilioff.
749 3535 757 3603 ll
800 3538 830 3587 11
856 3539 945 3589 autem
971 3557 1000 3603 a,
1025 3545 1111 3605 qued
1152 3541 1160 3608 ll
1200 3540 1263 3592 XV.

196 3620 296 3689 Nion,
321 3621 392 3674 .Xll.
415 3622 462 3688 Sp3
486 3623 666 3675 duodecimam
687 3642 703 3673 α
744 3629 752 3689 Η
795 3625 828 3675 12
847 3625 952 3691 galliam
965 3628 1081 3694 togatam
1103 3627 1139 3692 Sp
1179 3630 1187 3695 ll
1230 3630 1266 3681 14

198 3710 326 3777 superiori
347 3710 421 3781 prf
447 3711 455 3778 ll
489 3714 521 3765 15
541 3712 681 3764 accidisset
701 3712 737 3778 Sp
773 3714 781 3779 l}
820 3715 852 3766 16
871 3713 1024 3780 Illyriorum
1047 3715 1138 3782 Ario,
1162 3716 1266 3770 incolae

197 3798 302 3853 illorum
322 3818 351 3866 o,
380 3817 470 3852 eorum
496 3801 544 3867 Sp,
572 3801 701 3854 Istrorurn
724 3801 814 3854 Modo.
857 3805 865 3870 ll
909 3805 939 3855 17
964 3804 1214 3872 depopulandosque
1234 3826 1270 3874 a,

198 3890 438 3957 oppugnandosque
459 3890 496 3956 Sp
528 3896 536 3956 11
569 3891 603 3944 20
622 3891 724 3943 ciuibus
745 3891 782 3957 X,
802 3892 869 3944 uicis
893 3892 981 3945 Oinoe.
1015 3894 1023 3955 ll
1056 3894 1097 3945 21.
1113 3894 1146 3945 22
1160 3895 1265 3948 fortuna

197 3978 304 4030 fecisset
316 3978 444 4046 reliquoS,
465 3983 572 4046 propter
586 3982 672 4031 tantas
686 3980 848 4033 calamitates
861 3981 963 4033 nullum
976 3983 1091 4034 reditum
1105 3983 1213 4036 haberet
1227 3984 1266 4052 Sp

286 4067 331 4122 25.
354 4070 366 4119 l
387 4072 503 4120 autom.
526 4069 562 4135 Sp
594 4069 602 4135 ll
635 4069 748 4137 2atque
768 4088 819 4122 om.
841 4070 878 4137 Sp
909 4071 917 4138 l!
950 4072 1116 4138 ⁴2.31·apinis
1135 4073 1270 4126 incendiis

197 4176 219 4208 π
252 4158 259 4224 {l
292 4158 440 4210 Atrcuiros
461 4157 544 4224 SM²p
575 4158 583 4225 ll
616 4159 768 4211 ltexercita
787 4159 862 4212 bellis
883 4179 910 4226 n;
930 4160 1006 4213 bellis
1026 4162 1171 4215 exercitata
1191 4162 1229 4230 Sss

286 4245 365 4300 26.1
388 4246 505 4299 caninius
526 4265 555 4314 o3
574 4247 673 4300 rebilus
694 4248 731 4314 Sp
763 4250 771 4317 ll
804 4249 979 4316 Qpectonum
998 4249 1057 4302 ΒΜ
