2886 4666
470 297 577 350 LIBER
596 297 641 353 VI.
662 296 736 351 uAP.
753 297 877 351 24-29.
1145 283 1207 344 149

113 458 223 527 rSunt
245 461 335 541 item,
360 480 442 543 quae
466 460 665 543 appellantur
687 461 777 524 alces.
825 460 938 522 harum
966 465 1013 523 est
1036 461 1209 524 consimilis
1227 467 1262 522 27

141 568 244 649 capris
267 566 370 650 figura
394 572 425 630 et
448 568 586 630 varietas
608 567 754 650 pellium,
783 568 839 630 sed
866 566 1086 650 magnitudine
1113 568 1208 651 paulo

141 674 335 737 antecedunt
356 675 554 757 mutilaeque
577 679 652 738 sunt
675 674 825 737 cornibus
849 679 880 737 et
903 694 997 736 crura
1024 676 1093 736 sine
1117 674 1209 737 nodis

141 780 348 861 articulisque
371 781 503 862 habent,
528 799 636 862 neque
661 781 776 861 quietis
800 799 896 842 causa
917 781 1131 862 procumbunt
1153 799 1237 845 ner-2

113 906 218 969 sque,
245 888 273 950 si
302 906 365 969 quc
394 886 540 950 adflictae
569 907 646 950 casu
674 887 897 968 conciderunt,
926 889 1046 969 erigere
1075 906 1143 950 sese
1173 907 1209 950 ao

140 993 308 1057 sublevare
336 999 478 1077 possunt.
529 995 578 1057 his
606 1000 682 1057 sunt
716 993 844 1057 arbores
876 1014 932 1077 pro
962 993 1135 1073 cubilibus3
1170 995 1237 1059 ada

141 1120 195 1165 eas
218 1119 252 1164 se
276 1101 436 1183 adplicant
451 1105 546 1182 atque
565 1103 610 1164 ita
624 1101 756 1184 paulum
772 1100 867 1163 modo
883 1100 1052 1163 reclinatae
1070 1103 1209 1182 quietem

139 1208 280 1290 capiunt.
327 1227 462 1290 quarum
492 1226 533 1270 ex
555 1209 699 1290 vestigiis
727 1227 801 1270 cum
829 1213 877 1270 est
905 1207 1163 1270 animadversum
1191 1227 1237 1271 ar

100 1296 107 1332 ³
140 1315 358 1396 venatoribus
388 1334 450 1396 quo
480 1334 514 1377 se
542 1316 683 1397 recipere
711 1315 907 1393 consuerint,
936 1332 1047 1377 omncs
1075 1333 1112 1377 eo
1139 1315 1208 1377 loco

99 1443 127 1486 ιο
141 1426 198 1484 aut
219 1421 258 1484 ab
283 1420 443 1484 radicibus
467 1421 629 1484 subruunt·
656 1427 711 1483 aut
739 1420 890 1482 accidunt
918 1419 1059 1501 arbores,
1085 1425 1210 1483 tantum

42 1516 45 1521 ’
140 1533 178 1591 ut
200 1548 325 1592 summa
348 1509 470 1611 species
494 1547 604 1591 earum
628 1529 781 1590 stantium
804 1527 1013 1607 relinquatur.
1052 1527 1114 1590 huc
1135 1548 1237 1591 cums

141 1653 175 1698 se
204 1635 435 1698 consuetudine
462 1635 711 1716 reclinaverunt,
744 1633 886 1697 infirmas
914 1634 1043 1698 arbores
1070 1634 1209 1717 pondere

114 1741 300 1825 radfligunt
322 1746 418 1822 atque
442 1761 508 1804 una
530 1743 616 1825 ipsae
640 1741 823 1804 concidunt.
869 1740 1010 1804 Tertium
1038 1747 1085 1805 est
1108 1760 1209 1824 genus
1228 1756 1264 1811 28

142 1867 266 1930 eorum,
291 1850 347 1931 qui
370 1850 421 1911 uri
445 1849 650 1932 appellantur.
701 1849 735 1910 hi
763 1853 839 1912 sunt
865 1849 1087 1932 magnitudine
1115 1850 1209 1932 paulo

141 1956 223 2020 infra
246 1956 443 2038 elephantos
467 1957 571 2038 specie
595 1961 627 2019 et
650 1956 754 2019 colore
779 1960 810 2018 et
832 1955 935 2038 figura
958 1958 1048 2019 tauri.
1095 1975 1239 2038 magnac

141 2065 190 2126 vis
218 2082 330 2126 eorum
358 2067 405 2126 est
433 2067 465 2125 et
492 2082 608 2144 magna
631 2062 795 2143 velocitas,
824 2082 928 2143 neque
957 2064 1077 2126 homini
1105 2082 1210 2143 neque

114 2170 239 2250 sferae,
268 2189 364 2251 quam
392 2174 642 2252 conspexerunt,
667 2175 809 2251 parcunt.
857 2169 914 2230 hos
942 2171 1082 2232 studiose
1110 2169 1238 2234 foveisa

141 2284 250 2360 captos
273 2276 476 2340 interficiunt.
522 2277 583 2339 hoc
607 2294 640 2338 se
663 2275 770 2338 labore
794 2275 910 2338 durant
929 2277 1149 2338 adulescentes
1165 2280 1210 2338 at-

143 2402 206 2465 que
228 2385 288 2447 hoc
312 2373 428 2466 genere
450 2383 631 2446 venationis
655 2387 819 2464 exercent,
848 2386 879 2445 et
907 2383 963 2462 qui
986 2382 1140 2464 plurimos
1168 2402 1210 2446 ex

141 2491 191 2554 his
213 2491 454 2572 interfecerunt,
478 2491 586 2553 relatis
609 2491 643 2552 in
667 2488 832 2572 publicum
851 2489 1016 2570 cornibus,
1041 2509 1123 2571 quae
1148 2491 1211 2551 sint

143 2599 338 2678 testimonio,
371 2617 520 2680 magnam
551 2596 658 2660 ferunt
684 2596 820 2658 laudem.
872 2596 928 2659 sed
956 2597 1143 2659 adsuescere
1171 2595 1238 2659 adr

101 2723 129 2764 1ο
142 2704 288 2768 homines
312 2710 343 2767 et
365 2703 570 2767 mansuefieri
585 2722 625 2766 ne
641 2704 765 2785 parvuli
782 2703 911 2785 quidem
928 2705 1053 2785 excepti
1068 2709 1209 2784 possunt.

142 2810 317 2894 amplitudo
343 2830 499 2874 cornuum
523 2815 554 2874 et
577 2810 681 2893 figura
704 2816 736 2873 et
751 2811 873 2892 species
889 2808 1027 2871 multum
1051 2815 1238 2876 anostra-s

142 2938 214 2980 rum
238 2918 336 2980 boum
360 2917 510 2981 cornibus
535 2917 645 2980 differt.
693 2918 770 2979 haee
794 2917 934 2979 studiose
963 2917 1143 2996 conquisita
1171 2916 1238 2982 aba

142 3024 240 3087 labris
265 3029 395 3107 argento
420 3024 678 3087 circumcludunt
702 3030 797 3103 atque
821 3025 855 3084 in
879 3022 1081 3104 amplissimis
1109 3024 1210 3105 epulis

141 3150 199 3214 pro
223 3131 346 3214 poculis
369 3137 512 3194 utuntur.

115 3255 129 3297 1
233 3237 360 3320 Caesar,
393 3242 562 3320 postquam
597 3256 654 3320 per
681 3235 782 3300 Ubios
815 3237 1030 3319 exploratores
1058 3239 1212 3320 comperit
1229 3253 1267 3308 aa

143 3342 266 3408 Suebos
290 3363 359 3408 sese
383 3346 418 3407 in
441 3345 537 3407 silvas
560 3346 729 3428 recepisse,
753 3345 894 3426 inopiam
911 3345 1063 3406 frumenti
1082 3346 1210 3426 veritus,

143 3451 243 3533 quod,
267 3460 303 3515 ut
319 3472 415 3534 supra
431 3453 731 3532 demonstravimus,
749 3453 881 3514 minime
897 3452 1044 3513 homines
1060 3451 1211 3514 Germani

143 3559 211 3641 agri
226 3558 370 3621 culturae
386 3559 526 3641 student,
551 3560 717 3622 constituit
736 3577 801 3620 non
816 3558 964 3641 progredi
979 3558 1121 3640 longius;
1147 3557 1210 3638 sed,
1225 3581 1240 3622 2

115 3681 184 3727 sne
209 3667 338 3728 omnino
361 3671 484 3728 metum
508 3666 630 3729 reditus
654 3667 704 3728 sui
729 3664 870 3728 barbaris
898 3665 1023 3727 tolleret
1050 3668 1146 3744 atque
1175 3670 1211 3726 ut

143 3791 356 3799 *—

232 3858 277 3913 27.
298 3862 312 3911 1
333 3858 399 3911 altos
420 3878 437 3909 a
469 3860 477 3927 ll
510 3859 592 3911 2sed
611 3876 663 3910 om.
682 3865 711 3925 p,
731 3857 788 3925 &f
815 3859 822 3926 ll
854 3856 1213 3926 larticulisqueSM²Q²ss;,

143 3946 294 4014 artiolisque
315 3967 332 3998 a
364 3952 372 4015 Η
405 3950 504 4014 ὔεθβ
536 3953 544 4015 Η
577 3963 607 4001 ac
625 3955 654 4014 β;
673 3951 719 4000 aut
739 3966 756 3998 a
788 3948 796 4016 ll
830 3947 898 4000 lOa
915 3953 932 4012 β

232 4037 278 4090 28.
297 4038 315 4087 4
334 4036 375 4088 uis
394 4038 435 4088 est
453 4043 580 4103 ecrump
607 4040 616 4103 Η
648 4036 775 4090 velocitas
794 4038 821 4088 et
838 4042 960 4103 nequer]
990 4035 999 4103 ll
1031 4036 1216 4109 boonspoxe·

142 4125 197 4177 rint
216 4125 316 4193 (oon
347 4126 356 4194 ll
389 4126 423 4179 10
441 4125 573 4178 mansueti
590 4125 689 4194 fierirp
721 4126 729 4193 Η
763 4126 901 4178 llaom.
922 4143 940 4176 α
1077 4182 1087 4197 .
1200 4142 1204 4153 ·
1282 4156 1286 4163 -
1326 4176 1329 4181 ,
1356 4186 1359 4191 Ι

45 4304 48 4309 q
115 4236 119 4243 ·
232 4215 278 4269 29.
299 4214 314 4266 2
334 4222 467 4281 ευθυοεβ
499 4215 507 4282 ll
539 4221 603 4281 sep
635 4216 643 4283 ll
675 4213 831 4268 3homines
849 4212 961 4283 Daoir.;
978 4148 1392 4402 a*
