2886 4666
537 323 644 378 LIBER
661 324 710 378 III.
731 323 807 378 CAP.
827 326 909 378 3-7.
1216 308 1256 369 61

187 488 297 571 magni
320 491 352 551 et
374 488 515 569 virtutis,
539 486 579 549 ad
598 487 731 550 Galbam
755 492 926 550 accurrunt
948 491 1044 567 atque
1067 505 1167 550 unam
1190 504 1258 550 esse

148 611 175 654 10
189 613 278 678 spem
305 595 417 658 salutis
445 595 574 675 docent,
601 595 628 657 si
657 596 823 677 eruptione
849 595 932 658 facta
959 599 1140 657 extremum
1168 594 1259 656 auxi·

188 702 269 764 lium
291 702 521 784 experirentur.
568 702 675 783 itaque
704 703 886 765 convocatis
912 700 1154 764 centurionibus
1178 700 1285 764 cele-e

188 809 266 872 riter
287 808 405 872 milites
428 809 579 872 certiores
601 808 689 890 facit,
717 808 878 890 paulisper
899 808 1147 870 intermitterent
1169 826 1259 890 prce

189 915 269 978 lium
285 934 321 978 ao
336 920 462 978 tantum
476 915 571 978 modo
587 915 651 978 tela
664 916 763 977 missa
778 916 963 997 exciperent
979 933 1077 995 seque
1093 934 1135 977 ex
1150 913 1258 977 labore

188 1021 368 1104 reficerent,
396 1027 468 1105 post
496 1022 567 1085 dato
597 1023 687 1104 signo
717 1040 759 1084 err
782 1023 893 1085 castris
919 1025 1135 1103 erumperent,
1163 1026 1258 1104 atque

162 1145 317 1192 romnem
339 1148 429 1212 spem
452 1128 563 1192 salutis
585 1129 620 1191 in
635 1130 752 1191 virtute
775 1133 938 1211 ponerent.
978 1126 1071 1204 Quod
1090 1129 1170 1191 iussi
1185 1134 1295 1196 sunto

188 1236 322 1316 faciunt,
349 1255 386 1298 ao
413 1236 518 1299 subito
548 1235 696 1298 omnibus
723 1237 824 1318 portis
852 1236 1020 1318 eruptione
1048 1235 1130 1298 facta
1152 1254 1259 1316 neque

190 1342 416 1425 cognoscendi,
450 1343 527 1424 quid
558 1342 660 1425 fieret,
693 1361 799 1424 neque
831 1342 882 1404 sui
915 1341 1086 1425 colligendi
1114 1342 1259 1405 hostibus

188 1450 371 1513 facultatem
392 1450 587 1530 relinquunt.
633 1450 679 1512 ita
695 1452 889 1512 commutata
910 1449 1038 1511 fortuna
1062 1467 1128 1530 eos,
1153 1450 1208 1532 qui
1223 1450 1286 1511 ina

162 1575 279 1640 sspem
304 1557 533 1640 potiundorum
561 1562 739 1620 castrorum
762 1561 927 1638 venerant,
956 1555 1100 1638 undique
1123 1557 1259 1619 circum-

189 1669 302 1728 ventos
349 1663 547 1727 interficiunt
590 1669 622 1727 et
664 1683 706 1726 ex
744 1663 911 1726 hominum
952 1662 1082 1726 milibus
1125 1664 1259 1747 amplius

189 1770 304 1852 XXX,
328 1789 425 1851 quem
447 1789 619 1834 numerum
634 1769 840 1833 barbarorum
865 1770 906 1832 ad
926 1775 1029 1834 castra
1044 1771 1168 1834 venisse
1184 1789 1259 1833 con-

190 1876 305 1959 stabat,
332 1877 405 1959 plus
433 1878 524 1941 tertia
546 1882 636 1960 parte
664 1877 828 1940 interfecta
855 1877 995 1959 reliquos
1019 1879 1201 1961 perterritos
1224 1878 1260 1940 in

190 1985 298 2067 fugam
322 1985 462 2048 coiciunt
491 2004 526 2048 ac
554 2003 595 2047 ne
623 1985 656 2046 in
684 1984 763 2046 locis
787 1983 918 2066 quidem
944 1984 1161 2067 superioribus
1185 2004 1260 2048 oon-

150 2092 301 2154 resistere
332 2092 504 2175 patiuntur.
551 2092 596 2153 sio
629 2090 778 2154 omnibus
811 2090 949 2153 hostium
977 2091 1076 2174 copiis
1103 2092 1183 2155 fusis
1211 2110 1286 2154 ars

189 2198 314 2280 misque
342 2199 448 2261 exutis
477 2217 510 2261 se
538 2199 623 2261 iutra
649 2197 845 2259 munitiones
877 2216 951 2260 suas
983 2198 1149 2279 recipiunt.
1196 2219 1259 2281 quo

190 2305 309 2388 proelio
346 2305 442 2387 facto,
481 2304 567 2388 quod
604 2305 729 2387 saepius
767 2305 929 2367 fortunam
968 2308 1121 2386 temptare
1159 2305 1287 2369 Galbae

189 2412 319 2475 nolebat
342 2419 437 2495 atque
461 2413 522 2476 alio
546 2432 580 2476 se
603 2414 638 2475 in
658 2413 793 2476 hiberna
809 2413 941 2476 oonsilio
957 2413 1083 2476 venisse
1105 2414 1277 2476 momine?

189 2525 251 2602 rat,
276 2520 345 2584 aliis
369 2521 545 2583 occurrisse
568 2521 664 2583 rebus
685 2520 819 2603 viderat,
843 2521 984 2596 maxime
1007 2519 1159 2582 frumenti
1175 2539 1259 2582 com-

151 2641 177 2683 15
190 2632 377 2707 meatusque
400 2628 510 2709 inopia
532 2633 694 2710 permotus
718 2632 842 2710 postero
864 2627 915 2690 die
932 2627 1080 2689 omnibus
1104 2627 1173 2688 eius
1196 2627 1259 2688 vici

191 2732 343 2796 aedificiis
366 2734 506 2796 incensis
529 2735 562 2796 in
586 2735 784 2816 provinciam
803 2735 921 2797 reverti
937 2733 1102 2797 contendit
1117 2753 1153 2796 ac
1169 2732 1286 2795 nullos

191 2839 280 2903 hoste
311 2839 498 2922 probibente
535 2844 591 2903 aut
625 2842 687 2904 iter
719 2841 902 2903 demorante
930 2839 1124 2902 incolumem
1160 2839 1260 2923 legio-

191 2964 265 3008 nem
288 2947 322 3008 in
337 2947 522 3029 Nantuates,
545 2948 620 3010 inde
643 2948 678 3009 in
694 2947 883 3030 Allobroges
899 2947 1051 3030 perduxit
1066 2945 1178 3028 ibique
1195 2947 1260 3010 bie-

191 3053 317 3118 mavit„

165 3174 176 3214 1
279 3160 342 3223 His
364 3160 461 3224 rebus
484 3163 580 3244 gestis
604 3181 679 3224 cum
695 3162 844 3224 omnibus
860 3161 899 3224 de
916 3161 1020 3224 causis
1037 3161 1152 3225 Caesar
1167 3182 1259 3245 paca·
1279 3171 1294 3224 7

190 3271 255 3328 tam
279 3266 414 3329 Galliam
438 3269 647 3350 existimaret,
677 3267 844 3352 [superatis
866 3268 990 3351 Belgis,
1015 3269 1157 3352 expulsis
1182 3269 1260 3332 Ger-

280 3552 456 3604 9adourrunt
475 3569 504 3617 a,
523 3554 699 3618 occununtss
730 3553 738 3620 {l
771 3567 830 3604 esse
848 3559 936 3618 emp
967 3552 976 3620 ΙΙ
1009 3554 1042 3603 14
1057 3552 1197 3604 reficerent
1213 3570 1258 3620 ap,

191 3639 338 3707 reciperent
356 3658 378 3691 π
410 3641 419 3704 ΙΙ
450 3647 500 3706 op

279 3765 307 3819 6.
327 3765 345 3817 4
362 3765 404 3818 Ita
428 3783 458 3831 a,
485 3765 578 3832 Itaque
601 3764 663 3832 Bp
704 3766 713 3834 l,
753 3768 769 3819 5
794 3765 978 3833 potiundorum
1005 3764 1047 3831 af,
1076 3764 1257 3831 potiendorum

190 3851 253 3920 Bp
284 3856 293 3922 ΙΙ
326 3855 357 3907 11
378 3852 447 3907 intra
465 3854 624 3907 munitiones
638 3861 666 3920 fl}
686 3854 713 3906 in
727 3857 813 3907 castra
827 3854 1040 3921 munitionesque
1057 3872 1074 3903 α
1106 3858 1115 3919 lt
1148 3855 1181 3906 13
1201 3869 1259 3905 sese

191 3940 253 4008 B²p
284 3944 293 4012 ll
326 3944 361 3995 14
372 3942 430 3996 aliis
449 3957 512 4012 sep
544 3944 553 4012 tl
584 3943 690 3996 uidebat
703 3942 803 3995 Fcere.
836 3944 844 4010 lt
879 3943 1259 4010 14.1500mmeatusin0pia

190 4036 208 4097 β
239 4030 247 4099 {t
280 4031 314 4084 18
333 4031 359 4084 in
378 4032 492 4085 antuatis
510 4031 541 4084 X
609 4021 611 4026 ’

282 4158 308 4211 t.
328 4157 352 4210 2.
373 4157 388 4210 3
408 4156 527 4226 expulsis
547 4157 683 4222 Germanis
697 4157 844 4223 del.Paul;
864 4156 998 4209 exterritis
1013 4156 1180 4224 (perterritis
1200 4172 1258 4223 per·

192 4243 284 4314 uulsis)
304 4245 442 4299 Germanis
460 4245 577 4312 Zatckm
597 4246 727 4314 superatis
746 4245 836 4314 Belgis
856 4287 934 4298 .....
955 4245 1067 4299 Sedunis
1086 4247 1135 4299 del.
1156 4245 1219 4298 HM
