2886 4666
535 335 643 389 LIBER
662 335 694 387 V.
716 334 791 388 CAP.
811 335 910 390 9-1‘2.
1193 319 1258 381 Ι105

193 498 302 581 nibus,
332 517 414 580 quae
443 500 507 561 sint
534 498 620 581 apud
648 516 733 581 eum,
762 517 860 561 naves
887 498 1042 561 instituat.
1093 497 1172 580 ipso,
1202 497 1287 563 etsis

153 631 180 673 10
193 625 243 670 res
267 611 334 669 erat
356 606 476 669 multae
495 625 608 688 operae
628 624 664 668 ac
682 605 813 687 laboris,
838 609 943 668 tamen
967 605 1260 668 commodissimum

194 732 262 777 esse
286 714 396 795 statuit
420 731 529 776 omues
551 731 650 775 naves
674 711 810 775 subduci
833 717 956 775 etcum
977 713 1087 775 castris
1111 731 1174 774 una
1191 731 1261 774 mu-

193 820 315 882 nitione
339 819 498 902 coniungi.
545 821 580 881 in
608 819 657 882 his
680 819 776 882 rebus
800 819 926 882 circiter
949 819 1016 882 dies
1039 818 1073 882 X
1101 820 1287 882 consumite

194 946 236 991 ne
256 927 420 989 nocturnis
440 926 569 1007 quidem
584 924 779 1009 temporibus
798 926 839 988 ad
851 924 994 989 laborem
1011 926 1148 988 militum
1164 927 1260 988 inter·

194 1035 307 1097 missis.
356 1032 520 1096 subductis
539 1033 675 1096 navibus
695 1034 870 1115 castrisque
894 1033 1019 1116 egregie
1039 1033 1171 1095 munitis
1195 1052 1288 1098 eas-r

154 1163 181 1205 rs
196 1140 267 1203 dem
292 1142 412 1223 copias,
437 1160 517 1222 quas
541 1145 627 1221 ante,
651 1140 808 1222 praesidio
832 1139 970 1202 navibus
998 1139 1166 1221 relinquit,
1195 1140 1261 1221 ipse

196 1247 321 1330 eodem,
357 1246 442 1310 undo
473 1247 624 1328 redierat,
659 1245 878 1329 proficiscitur.
934 1265 971 1310 eo
1010 1265 1083 1310 cum
1116 1247 1289 1326 venisset,a

195 1356 331 1417 maiores
354 1355 417 1416 ianr
442 1353 584 1434 undique
611 1355 647 1415 in
674 1372 748 1416 eum
772 1354 878 1416 locum
902 1355 1010 1436 copiae
1033 1351 1262 1416 Britannorum

196 1466 412 1524 convenerant
439 1480 564 1524 summa
585 1462 711 1543 imperii
738 1460 877 1542 bellique
906 1459 1150 1524 administrandi
1178 1479 1262 1522 conr-

195 1570 286 1631 muni
310 1568 442 1631 consilio
466 1570 621 1651 permissa
644 1565 894 1648 Cassiuellauno,
919 1568 1011 1631 cuius
1034 1567 1113 1630 fines
1133 1587 1151 1629 a
1169 1568 1263 1628 mari-

155 1695 183 1738 20
197 1676 281 1738 timis
305 1675 486 1738 civitatibus
509 1674 631 1738 flumen
654 1676 782 1757 dividit,
807 1675 893 1758 quod
917 1675 1093 1759 appellatur
1115 1675 1263 1755 Tamesis,

197 1801 216 1843 a
247 1782 327 1844 mari
354 1783 480 1845 circiter
507 1782 596 1844 milia
622 1801 776 1864 passuum
803 1781 938 1845 LXXX.
990 1782 1066 1845 huic
1099 1781 1290 1864 superiores

197 1895 337 1970 tempore
365 1908 438 1950 cum
461 1889 595 1970 reliquis
622 1889 805 1952 civitatibus
834 1890 1030 1952 continentia
1056 1888 1140 1951 bella
1167 1889 1264 1951 inter-

197 2001 371 2076 cesserant,
397 1996 451 2058 sed
475 2001 583 2059 nostro
608 1996 748 2060 adventu
770 1997 906 2078 permoti
926 1995 1071 2058 Britanni
1096 1997 1182 2058 hunc
1206 1996 1265 2057 toti

197 2102 280 2165 bello
305 2103 504 2184 imperioque
526 2102 750 2185 praefecerant.

170 2231 182 2271 1
286 2209 472 2272 Britanniae
495 2229 567 2292 pars
590 2209 723 2272 interior
751 2209 789 2272 ab
813 2211 853 2273 iis
876 2210 1040 2291 incolitur,
1070 2229 1150 2291 quos
1174 2215 1318 2272 natos12

196 2315 360 2378 ininsula
388 2317 457 2399 ipsa
483 2317 637 2379 memoria
664 2315 825 2399 proditum
855 2316 978 2396 dicunt,
1007 2317 1166 2378 maritima
1192 2332 1292 2398 parsr

198 2421 237 2484 ab
264 2423 317 2505 iis,
352 2423 407 2504 qui
435 2423 571 2506 praedae
604 2442 640 2485 ac
668 2422 745 2486 belli
774 2422 930 2486 inferendi
959 2441 1055 2485 causa
1070 2441 1124 2492 ,ex
1153 2421 1264 2504 Belgio

198 2531 392 2592 transierunt
416 2567 458 2576 -
483 2530 540 2612 qui
561 2549 671 2593 omnes
693 2529 759 2593 fero
776 2530 878 2592 isdem
898 2528 1082 2591 nominibus
1101 2530 1264 2592 civitatum

172 2637 409 2718 sappellantur,
434 2635 549 2717 quibus
574 2637 636 2699 orti
659 2655 700 2699 ex
724 2635 905 2699 civitatibus
929 2654 966 2698 eo
988 2641 1204 2718 pervenerunt
1224 2637 1283 2680 ·-'

200 2747 230 2805 et
254 2741 335 2805 bello
358 2743 457 2805 inlato
480 2742 527 2805 ibi
549 2748 772 2806 remanserunt
795 2748 891 2826 atque
915 2761 1006 2826 agros
1030 2742 1133 2806 colera
1157 2760 1266 2824 coepe-

199 2832 282 2912 runt.
329 2849 495 2912 hominum
518 2854 565 2912 est
580 2848 705 2913 infinita
720 2850 892 2912 multitudo
909 2849 1165 2930 creberrimaque
1181 2848 1266 2911 aedi·
1280 2865 1293 2907 3

199 2955 271 3019 ficia
302 2956 367 3019 fere
394 2955 526 3020 Gallicis
558 2957 750 3038 consimilia,
782 2958 905 3039 pecoris
936 2975 1072 3038 magnus
1104 2974 1265 3018 numerus.

200 3067 336 3126 utuntur
360 3062 427 3148 [aut
450 3063 533 3147 aere]
558 3070 612 3127 aut
634 3083 767 3126 nummo
784 3081 879 3126 aureo
904 3067 958 3125 aut
982 3062 1073 3126 taleis
1094 3063 1204 3127 ferreis
1227 3063 1294 3126 adr

160 3174 324 3233 rocertum
361 3171 486 3253 pondus
524 3171 714 3233 examinatis
750 3189 806 3252 pro
842 3189 981 3232 nummo.
1041 3172 1184 3234 nascitur
1219 3168 1311 3232 ibis

291 3417 506 3485 astutiores,
525 3418 635 3471 suntX
664 3419 673 3488 ΙΙ
707 3419 739 3472 15
759 3433 824 3486 quas
843 3436 873 3484 a,
892 3424 996 3486 quaeq
1027 3420 1036 3483 ΙΙ
1067 3417 1190 3486 nauibus]
1210 3417 1267 3471 fue·

200 3511 260 3559 rant
278 3507 377 3574 cultri
408 3508 416 3576 ll
448 3506 573 3575 relinquit
590 3514 620 3575 p3
639 3507 745 3576 reliquit
764 3525 801 3560 ua
826 3509 835 3576 ΙΙ
863 3508 894 3560 l?
914 3507 968 3560 iam
987 3513 1076 3572 ouer]
1107 3508 1115 3575 ll
1150 3506 1182 3561 19
1201 3506 1267 3558 oasi-

201 3594 325 3650 uellauno
344 3615 362 3647 u
396 3597 403 3664 ll
437 3596 469 3649 21
489 3613 505 3650 a
523 3596 589 3650 mari
608 3596 712 3650 circiter
730 3595 803 3649 milia
821 3611 949 3665 passuum
968 3595 1075 3648 LXXX
1093 3595 1143 3648 del.
1163 3594 1223 3647 HM

291 3697 360 3772 Cup.
381 3702 490 3758 12-14
514 3703 645 3757 Caesaris
664 3720 720 3757 esso
738 3708 820 3771 nepot
845 3703 917 3757 Wer.

291 3810 336 3864 12.
358 3810 371 3861 1
392 3809 535 3876 inleriorfl
566 3810 574 3878 {l
610 3810 643 3863 iis
663 3810 704 3876 ul,
728 3809 804 3876 hisp
840 3810 849 3877 ll
887 3808 978 3878 2lpsa
996 3827 1026 3876 o3
1051 3809 1102 3877 ipsi
1120 3809 1178 3862 rell.
1211 3810 1220 3877 ll
1250 3810 1268 3882 3

201 3897 279 3966 hisp
311 3898 319 3965 ll
351 3915 382 3952 ac
401 3898 462 3952 belli
480 3899 610 3952 inferendi
629 3899 678 3952 dcl.
698 3899 786 3968 Apitx
817 3899 826 3967 ll
858 3898 1053 3951 4transierant
1071 3917 1089 3949 c
1124 3900 1132 3967 ῙΙ
1169 3898 1268 3951 eisdem

202 3987 289 4054 Paul,
308 3987 340 4040 iis
359 4006 390 4055 a,
408 3987 486 4053 hisp
517 3987 525 4055 ll
559 3987 741 4059 eiuitatinmp
772 3993 781 4055 ΙΙ
813 3989 1047 4056 6permanserunt
1067 4007 1084 4038 u
1116 3989 1125 4052 ll
1156 3986 1269 4041 BPeco·

202 4092 262 4129 rum
282 4095 299 4128 a
331 4076 340 4146 ll
371 4093 484 4146 maguus
504 4093 632 4130 numerus
652 4096 681 4144 α;
702 4093 828 4130 numerus
847 4077 974 4145 ingensss
1005 4079 1013 4145 ll
1046 4077 1127 4131 {taut
1145 4093 1206 4130 aere
1219 4077 1268 4129 del

205 4165 397 4219 PbMommsen
428 4171 437 4234 ll
473 4182 553 4220 aureo
573 4185 603 4234 u,
627 4173 738 4232 aereoli
773 4165 782 4234 ll
817 4165 895 4220 taleis
914 4182 948 4233 ⁷¹3
972 4165 1029 4219 aliis
1049 4186 1082 4237 up
1120 4167 1128 4231 ll
1166 4165 1200 4220 10
1222 4181 1269 4234 pro

202 4271 311 4309 nummo
329 4262 418 4323 ouafi
492 4267 527 4314 ‘i'
