2886 4666
577 281 723 336 LIBERI.
744 282 819 336 onP.
840 282 962 336 37-39.
1259 269 1300 329 25

231 464 294 528 que
322 443 492 509 itineribus
520 445 685 509 contendit
717 450 934 528 occupatoque
963 446 1077 528 oppido
1111 445 1157 508 ibi
1183 447 1301 528 praesi-

231 553 321 616 dium
345 552 498 615 conlocat.
658 562 659 565 ’

202 684 214 724 1
318 658 406 722 Dum
433 679 552 742 paucos
581 658 648 721 dies
676 659 716 721 ad
743 659 973 722 Vesontionem
1001 661 1048 722 rei
1075 660 1301 722 frumentariae
1318 665 1355 721 39
1407 722 1409 726 .

231 771 490 848 commeatusque
511 785 607 828 eausa
623 770 775 848 moratur,
799 784 840 829 ex
855 767 1095 848 percontatione
1118 772 1301 829 nostrorum

230 873 429 954 vocibusque
454 873 618 936 Gallorum
642 892 679 936 ac
701 878 927 955 mercatorum,
954 874 1010 955 qui
1032 874 1156 956 ingenti
1178 875 1301 956 magni-

231 981 344 1044 tudine
367 999 537 1062 corporum
555 979 742 1060 Germanos,
766 979 949 1043 incredibili
966 981 1083 1042 virtute
1100 985 1194 1061 atque
1211 999 1301 1044 exer-

202 1088 379 1152 scitatione
401 1087 436 1148 in
456 1087 552 1149 armis
572 1104 640 1149 esse
656 1085 895 1169 praedicabant,
913 1122 953 1131 —-
971 1070 1215 1168 saepenumero
1232 1105 1300 1150 sese

230 1211 304 1257 cum
326 1195 375 1257 his
399 1212 585 1276 congressos
608 1213 649 1257 ne
664 1193 800 1256 vultum
813 1193 942 1275 quidem
958 1199 1054 1274 atque
1075 1193 1177 1256 aciem
1194 1195 1301 1256 oculo·

155 1366 158 1373 ,
229 1321 301 1364 rum
319 1300 467 1364 dicebant
481 1301 563 1364 ferre
579 1301 736 1383 potuisse,
752 1338 793 1346 -
818 1304 925 1363 tantus
942 1298 1046 1363 subito
1062 1302 1157 1363 timor
1174 1320 1301 1365 omnem
1353 1356 1355 1359 .

230 1409 407 1471 exercitum
430 1408 611 1490 occupavit,
637 1412 673 1470 ut
695 1402 769 1469 non‘
783 1407 987 1471 mediocriter
1011 1409 1153 1469 omnium
1176 1414 1301 1472 mentes
1341 1482 1343 1486 μ
1389 1467 1390 1470 ,

230 1516 417 1595 animosque
440 1512 646 1597 perturbaret.
692 1513 744 1576 hic
767 1515 906 1596 primum
936 1519 1023 1577 ortus
1051 1519 1099 1577 est
1122 1535 1139 1576 a
1162 1514 1327 1590 tribunisa

189 1643 216 1685 10
230 1622 381 1703 militum,
413 1622 580 1704 praefectis
612 1621 825 1704 reliquisque,
864 1622 920 1702 qui
953 1641 995 1684 ex
1028 1620 1106 1683 urbe
1141 1622 1300 1686 amicitiae

229 1748 325 1791 causa
349 1728 517 1792 Caesarem
540 1728 642 1791 secuti
665 1748 730 1790 non
753 1747 907 1811 magnum
936 1730 970 1790 in
993 1746 1027 1790 re
1050 1728 1182 1791 militari
1204 1748 1301 1791 usum

210 1834 400 1900 ‘habebant:
431 1855 569 1917 quorum
597 1835 679 1914 alius
707 1835 770 1898 alia
793 1854 890 1898 eausa
912 1836 1023 1917 inlata,
1054 1855 1150 1917 quam
1174 1835 1234 1898 sibi
1260 1835 1327 1898 ada

228 1941 495 2025 proficiscendum
518 1926 729 2005 necessariam
753 1961 822 2006 esse
847 1943 980 2024 diceret,
1003 1942 1142 2025 petebat,
1172 1946 1208 2004 ut
1231 1944 1300 2006 eius

229 2049 392 2123 voluntate
417 2049 580 2112 discedere
605 2049 727 2128 liceret,
740 2069 818 2141 ,non
842 2049 924 2111 nulli
947 2049 1070 2132 pudore
1093 2050 1235 2132 adducti,
1264 2056 1300 2113 ut

189 2175 215 2217 15
230 2157 353 2219 timoris
377 2157 591 2239 suspicionem
615 2157 764 2239 vitarent,
788 2155 1004 2219 remanebant.
1050 2156 1084 2218 hi
1107 2174 1212 2238 neque
1229 2158 1326 2219 vul-4

228 2267 297 2324 tum
329 2261 449 2346 fingere
480 2281 587 2343 neque
624 2262 800 2328 interdum,
824 2262 969 2325 lacrimas
1001 2268 1110 2326 tenere
1139 2268 1297 2345 poterant:
1354 2237 1361 2254 ⁸

230 2369 329 2432 abditi
355 2371 390 2432 in
418 2367 631 2432 tabernaculis
660 2375 714 2432 aut
741 2388 837 2432 suum
868 2369 970 2432 fatum
998 2369 1214 2450 querebantur
1246 2376 1299 2432 aut

229 2496 302 2539 cunr
319 2475 537 2554 vfamiliaribus
566 2477 632 2539 suis
661 2495 831 2540 commune
855 2477 1033 2558 periculum
1056 2475 1298 2539 miserabantur.

230 2582 337 2667 [vulgo
361 2585 436 2646 totis
457 2584 568 2647 castris
589 2588 778 2647 testamenta
794 2582 1066 2666 obsignabantur]
1113 2584 1228 2646 horum
1244 2603 1325 2646 vos

188 2707 215 2749 20
229 2689 320 2754 cibus
344 2710 380 2753 ac
403 2691 516 2754 timore
539 2691 695 2773 paulatim
718 2692 813 2754 etiam
836 2691 862 2752 ii
886 2692 1110 2773 quimagnum
1132 2691 1298 2754 incastris

228 2816 324 2860 usum
353 2797 513 2860 habebant
539 2798 658 2860 milites
691 2799 958 2878 centurionesque
992 2798 1113 2880 quique
1141 2799 1298 2877 equitatui

228 2912 395 2987 praeerant
421 2903 698 2986 perturbabantur.
746 2905 803 2986 qui
831 2924 864 2968 se
893 2924 935 2968 ex
962 2905 1012 2967 his
1040 2905 1147 2967 minus
1170 2904 1325 2968 timidose

230 3012 405 3074 existimari
429 3010 590 3091 volebant,
618 3030 683 3074 non
706 3029 741 3073 se
765 3011 888 3074 hostem
911 3012 1027 3094 vereri,
1055 3011 1112 3074 sed
1136 3013 1298 3094 angustias

228 3118 355 3181 itineris·
368 3122 398 3180 ct
412 3118 666 3200 magnitudinem
683 3117 848 3197 silvarum,
866 3136 947 3198 quae
963 3118 1197 3182 intercederent
1216 3120 1299 3180 inter

188 3225 314 3308 seipsos
342 3230 437 3306 atque
460 3225 671 3306 Ariovistum,
701 3229 756 3287 aut
783 3243 851 3286 rem
878 3224 1132 3306 frumentariam,
1161 3232 1196 3288 ut
1223 3226 1298 3288 satis

229 3332 393 3395 commode
425 3332 606 3414 supportari
637 3336 756 3414 posset,
790 3333 901 3394 timere
926 3331 1082 3395 dicebant.
1128 3350 1193 3393 non
1215 3332 1325 3394 nullir

230 3438 327 3500 ctiam
359 3437 488 3502 Caesari
522 3438 723 3518 nuntiabant,
758 3457 833 3501 cum
866 3443 967 3501 castra
990 3439 1112 3501 moveri
1145 3458 1181 3502 ac
1208 3439 1299 3521 signa

316 3631 712 3697 39.1Duma30un113²p
748 3629 756 3702 ΗΗ
793 3631 979 3698 9ard;abp
1016 3630 1023 3702 ΗΗ
1062 3634 1297 3707 llnonmagnum

228 3720 292 3789 M&
311 3738 439 3790 magnum
462 3720 611 3795 periculum
634 3721 838 3789 miserabantur,
864 3721 934 3788 quod
957 3735 1010 3773 uon
1032 3737 1158 3788 magnum
1172 3727 1220 3790 χρὴ
1245 3721 1297 3774 non

228 3827 355 3880 magnum
382 3809 531 3879 periculum
559 3810 752 3863 miserabantur
779 3808 821 3861 Bl
857 3806 865 3880 Η
904 3809 937 3862 18
967 3795 1257 3862 miserebantur'rPa¹
1290 3808 1297 3880 ΗΗ
1336 3844 1340 3855 -

229 3900 262 3954 19
276 3898 634 3968 vulgo...obsignabantur
647 3899 697 3951 del.
713 3898 787 3950 Paul
824 3896 831 3969 ΗΗ
869 3897 1131 3963 adaequati(
1156 3896 1163 3969 ΗΗ
1195 3898 1297 3967 21qui-

228 3988 367 4057 queB²ss3
387 3987 549 4056 utquisque
569 4007 586 4038 a
623 3985 631 4057 ΗΗ
669 3987 830 4053 metitur
850 4004 902 4039 orn.
923 4006 940 4037 a
978 3985 985 4057 ΗΗ
1021 3984 1064 4038 Ξ4.
1086 3987 1297 4056 25quaeinter-

182 4071 195 4087 ²
228 4078 352 4131 cederent
374 4077 444 4130 inter
461 4077 534 4144 ipsos
553 4078 632 4144 atque
656 4076 811 4129 arionistum
835 4093 865 4141 a,
889 4091 956 4143 quae
979 4076 1049 4128 inter
1067 4091 1112 4130 eos
1131 4079 1210 4145 atque
1229 4077 1297 4132 ario·

228 4167 328 4220 uistum
339 4164 604 4232 intercederentB²fl
641 4164 649 4235 ΗΗ
687 4164 719 4218 27
739 4165 897 4218 nuntiabant
915 4165 953 4218 cd.
973 4166 1001 4232 13
1020 4166 1207 4220 renuntiabant
1224 4166 1297 4235 B²ss3

227 4255 381 4309 nuntiarant
400 4274 418 4306 a
