2886 4666
523 326 631 380 LIBER
648 326 698 380 1Π.
719 327 795 382 CAP.
815 328 895 382 2-9.
1202 315 1243 376 63

176 509 272 572 quam
294 490 514 553 Romanorum
537 491 724 553 servitutem
745 491 884 574 perferre
907 491 1027 554 malint.
1079 494 1166 555 omni
1190 512 1271 558 oras

173 598 334 659 maritima
345 597 490 661 celeriter
505 597 546 660 ad
561 617 651 660 suam
668 599 858 661 sententiam
874 598 1027 680 perducta
1043 618 1244 686 communem

173 705 366 787 legationem
399 704 438 766 ad
463 703 497 766 P.
523 703 672 767 Crassum
703 705 848 786 mittunt,
881 706 909 767 si
940 706 1019 768 velit
1050 726 1126 769 suos
1153 726 1244 770 recu-

146 829 293 894 1perare‚
317 810 445 874 obsides
468 811 529 874 sibi
551 810 700 874 remittat.
748 809 872 886 Quibus
900 811 939 876 de
966 811 1063 876 rebus
1087 813 1203 876 Caesar
1226 829 1280 882 ae

174 898 285 982 Crasso
309 918 426 981 certior
446 918 558 1000 factus,
582 918 667 1000 quod
691 918 759 1001 ipse
784 918 892 981 aberat
914 918 1051 1001 longine,
1074 938 1172 984 naves
1195 921 1243 982 in-

172 1026 265 1089 terim
289 1025 400 1107 longas
424 1023 584 1087 aedificari
607 1026 641 1086 in
664 1023 797 1088 flumine
820 1023 941 1107 Ligeri,
971 1026 1058 1107 quod
1080 1025 1187 1088 influit
1208 1027 1242 1088 in

174 1131 349 1212 Oceanum,
372 1132 509 1214 remiges
533 1151 575 1194 ex
597 1133 761 1214 provincia
785 1133 934 1220 institui,¹
948 1137 1061 1195 nautas
1078 1133 1242 1215 ,guberna-

145 1244 321 1320 storesque
344 1239 520 1321 comparari
541 1238 638 1301 iubet
662 1238 713 1300 his
735 1239 833 1302 rebus
849 1239 993 1302 celeriter
1015 1240 1269 1304 administratisa

120 1341 125 1349 ’
172 1346 254 1427 ipse,
277 1364 350 1408 curn
373 1346 513 1427 primum
536 1364 593 1427 per
616 1345 693 1408 anni
717 1351 844 1428 tempus
866 1347 983 1428 potuit,
1006 1346 1047 1408 ad
1063 1348 1243 1410 exercitum

173 1451 343 1515 contendit.
388 1451 506 1515 Veneti
528 1452 735 1534 reliquaeque
759 1453 837 1516 item
859 1455 1002 1516 civitates
1023 1454 1148 1536 cognito
1166 1454 1269 1518 Cae-a

173 1560 252 1621 saris
275 1558 416 1622 adventu
431 1557 603 1642 [certiores
623 1558 724 1642 factil,
748 1559 843 1622 simul
868 1561 954 1641 quod
971 1564 1126 1641 quantum
1149 1560 1185 1623 in
1208 1581 1242 1624 se

171 1666 296 1728 facinus
312 1665 516 1728 admisissent
538 1665 778 1748 intellegebant,
801 1666 935 1749 legatos,
960 1665 1045 1749 quod
1061 1686 1180 1730 nomen
1202 1668 1242 1730 ad

132 1794 159 1837 10
173 1791 283 1836 omnes
306 1774 452 1836 nationes
468 1778 614 1836 sanctum
637 1772 889 1856 inviolatumque
905 1792 1030 1857 semper
1051 1774 1172 1855 fuisset,
1194 1792 1242 1837 re-

122 1943 123 1946 ,
172 1883 276 1942 tentos
299 1879 337 1942 ab
362 1899 395 1943 se
412 1885 443 1942 et
465 1880 498 1941 in
515 1880 645 1943 vincula
661 1881 829 1960 coniectos
852 1881 1145 1964 promagnitudine
1161 1883 1242 1964 peri-

172 1985 237 2048 culi
259 1984 381 2049 bellum
403 2005 514 2069 parare
538 1990 569 2048 et
589 1988 730 2049 maxime
755 2005 803 2068 ea,
828 2006 911 2068 quae
934 1987 975 2050 ad
997 2007 1093 2051 nsum
1111 1989 1243 2050 navium

171 2093 343 2175 pertinent,
359 2093 526 2175 providere
543 2094 725 2175 instituunt,
748 2094 809 2156 hoc
823 2095 943 2157 maiore
967 2114 1035 2177 spe,
1058 2095 1143 2177 quod
1159 2095 1242 2158 mul-

172 2203 242 2262 tum
261 2203 377 2262 natura
398 2199 462 2263 loci
478 2199 689 2263 confidebant.
735 2201 894 2284 pedestria
917 2220 986 2264 esse
1002 2202 1119 2265 itinera
1136 2202 1269 2265 conci-4

131 2329 158 2371 15
172 2326 208 2369 sa
223 2307 402 2389 aestuariis,
426 2307 665 2390 navigationem
687 2307 873 2389 impeditam
896 2313 1024 2391 propter
1041 2309 1242 2370 inscientiam

171 2412 314 2475 locorum
342 2415 597 2496 paucitatemque
624 2419 776 2496 portuum
799 2414 955 2494 sciebant,
984 2433 1089 2496 neque
1117 2420 1268 2479 nostrast

173 2519 332 2582 exercitus
355 2524 482 2603 propter
504 2521 657 2583 frumenti
677 2521 818 2602 inopiam
835 2521 956 2583 diutius
973 2521 1058 2604 apud
1074 2541 1107 2584 se
1123 2523 1242 2584 morari

171 2644 263 2709 posse
273 2626 489 2707 confidebant;
507 2646 543 2690 ao
558 2629 623 2689 iam
640 2633 676 2690 ut
686 2630 793 2690 omnia
801 2632 913 2691 contra
923 2629 1106 2711 opinionem
1119 2628 1241 2691 accide-
1255 2652 1267 2692 a

171 2737 251 2814 rent,
275 2739 382 2796 tamen
405 2753 439 2797 se
462 2735 638 2816 plurimum
654 2734 791 2798 navibus
806 2754 911 2818 posse,
937 2732 1057 2818 [quam]
1080 2735 1241 2797 Romanos

131 2858 276 2920 annoque
291 2838 392 2902 ullam
410 2840 595 2904 facultatem
611 2840 726 2905 habere
743 2842 888 2921 navium,
909 2860 1014 2924 neque
1031 2860 1142 2907 eorum
1157 2842 1241 2905 loco-

170 2966 256 3030 rum,
288 2946 345 3010 ubi
376 2948 498 3011 bellum
529 2949 650 3031 gesturi
682 2953 801 3030 essent,
833 2949 928 3031 vada,
958 2951 1085 3031 portus,
1119 2949 1241 3012 insulas

172 3054 311 3134 novisse,
345 3073 384 3117 ac
413 3056 509 3138 longe
542 3055 636 3117 aliam
668 3074 737 3119 esse
764 3057 1001 3138 navigationem
1027 3057 1062 3117 in
1090 3056 1267 3122 conclusor

170 3161 251 3223 mari
278 3165 374 3243 atque
402 3162 437 3224 in
465 3162 645 3225 vastissimo
675 3168 770 3244 atque
798 3163 995 3245 apertissimo
1020 3162 1146 3226 Oceano
1170 3182 1241 3246 per·

171 3267 354 3349 spiciebant.
401 3268 451 3331 bis
475 3270 564 3332 initis
588 3269 728 3333 consiliis
753 3269 868 3352 oppida
891 3270 1054 3351 muniunt,
1081 3271 1267 3335 frumentea

261 3534 293 3585 17
312 3532 423 3587 mallent
442 3553 459 3584 a
496 3536 504 3604 ΗΗ
541 3535 582 3588 19.
603 3535 637 3589 20
660 3551 816 3603 recuperare
834 3541 863 3601 β;
891 3535 1046 3602 reciperen
1087 3535 1095 3602 ΗΗ
1137 3534 1171 3588 20
1191 3534 1240 3586 sibi

172 3628 260 3689 emp

258 3711 286 3766 9.
307 3713 321 3764 1
341 3711 374 3765 ab
394 3731 411 3763 a
448 3713 456 3781 ΗΗ
493 3712 603 3780 3ligen'
620 3711 695 3780 B²ss3
723 3712 803 3780 ligere
823 3732 841 3763 a
882 3713 890 3780 ΗΗ
931 3713 955 3764 3.
975 3712 993 3763 4
1011 3711 1038 3764 in
1057 3727 1185 3764 oceanum
1209 3730 1239 3777 a3

170 3807 334 3868 oceanumfi
365 3801 373 3868 Η
405 3801 591 3868 ctinstitnitp
621 3807 630 3869 Η
661 3802 818 3856 8certiores
833 3801 894 3854 facti
912 3801 952 3866 X,
972 3801 1021 3852 del.
1037 3801 1076 3852 eal.
1090 3800 1211 3853 Floreat.
1232 3799 1240 3871 ΗΗ

169 3888 238 3941 aad
257 3908 287 3955 a3
311 3890 417 3957 apudp
453 3890 461 3957 ΗΗ
499 3892 531 3942 11
552 3891 659 3943 uincula
681 3891 774 3957 Aal¹3.
789 3890 877 3943 uincla
900 3889 991 3959 ΗΘΜ)
1026 3891 1035 3958 ΗΗ
1074 3891 1105 3941 17
1126 3889 1239 3958 inopiam

170 3977 296 4031 humenti
313 3985 330 4045 β
362 3978 370 4047 Η
404 3978 445 4031 18.
467 3979 499 4033 19
519 3979 668 4033 acciderent
691 3979 755 4046 Qa23
775 3979 932 4033 accederent
944 3987 973 4045 p3
997 3979 1146 4031 acciderant
1164 3979 1212 4047 (ΗΑ
1232 3978 1239 4048 ΗΗ

170 4065 298 4134 requam
312 4066 504 4134 X3del.cd.1
536 4068 544 4136 ΗΗ
577 4068 611 4120 22
630 4076 743 4135 nosset
774 4070 782 4138 ΗΗ
815 4069 849 4122 23
868 4068 935 4120 mari
954 4087 984 4133 ας
1004 4068 1155 4121 castissimo
1174 4068 1240 4120 mari

169 4172 192 4206 π
224 4155 233 4223 ΗΗ
264 4155 416 4210 uastissima
435 4159 515 4225 atque
534 4164 618 4224 ceap
653 4159 662 4226 ΗΗ
698 4160 778 4226 atque
797 4157 963 4225 apertissimo
983 4175 1071 4226 ceap
1103 4160 1111 4226 ΗΗ
1144 4157 1185 4210 23.
1206 4157 1240 4208 24

169 4243 364 4312 perspiciebant
384 4263 414 4312 c3
432 4245 609 4314 respiciebant
626 4253 644 4312 β
