2886 4666
239 259 281 321 28
640 272 745 327 BELLI
764 272 906 328 GALLICI

239 454 292 499 sae
315 442 390 499 sunt
414 437 557 498 omniurn
579 440 702 499 mentes
726 455 914 518 summaque
938 436 1084 499 alacritas
1105 443 1135 498 et
1151 435 1308 518 cupiditas

211 541 314 606 abelli
342 543 473 626 gerendi
495 543 594 606 inlata
617 548 677 623 est,
710 544 923 625 princepsque
951 542 992 606 X.
1017 543 1099 626 legio
1127 561 1184 625 per
1206 541 1308 605 tribu-

239 669 297 713 nos
320 650 457 712 militum
482 652 512 712 ei
535 651 651 734 gratias
675 651 753 732 egit,
781 650 868 731 qnod
892 650 931 712 de
959 668 993 713 se
1016 651 1172 732 optimum
1186 650 1309 712 'iudici-

239 777 295 819 um
312 756 452 838 fecisset,
472 774 568 839 seque
590 775 659 821 esse
681 757 720 819 ad
741 755 862 820 bellum
882 755 1058 838 gerendum
1078 757 1336 838 paratissimama

211 862 446 927 aoonfirmarit.
481 863 597 927 deinde
612 863 756 945 reliquae
772 862 914 946 legiones
927 882 1001 925 cum
1016 862 1153 925 tribunis
1168 863 1309 925 militum

239 976 269 1033 et
292 971 469 1052 primorum
495 969 645 1032 ordinum
667 969 908 1033 centurionibus
933 975 1079 1052 egerunt,
1106 969 1154 1032 uti
1181 969 1309 1032 Caesari

239 1077 484 1139 satisfacerent:
510 1097 543 1140 se
563 1067 667 1158 neque
683 1096 838 1157 umquam
855 1075 1015 1139 dubitasse
1037 1095 1142 1158 neque
1166 1077 1309 1138 timuisse

238 1203 343 1265 neque
372 1184 411 1247 de
440 1203 564 1245 summa
596 1183 674 1246 belli
707 1202 801 1245 snum
824 1183 993 1264 iudicium,
1027 1183 1082 1246 sed
1110 1184 1309 1266 imperatoris

210 1308 307 1353 resse
335 1291 577 1354 existimavisse.
606 1309 718 1352 eorum
746 1290 956 1352 satisfactione
985 1296 1127 1372 accepta·
1141 1294 1173 1352 et
1195 1291 1309 1353 itinere
1323 1314 1350 1356 10

238 1399 397 1479 exquisito
414 1417 471 1480 per
483 1395 690 1478 Diviciacum,
707 1397 791 1478 qnod
807 1416 849 1459 ex
863 1396 962 1460 Gallis
978 1398 1008 1458 ei
1023 1398 1197 1459 maximam
1213 1395 1310 1460 fidem

238 1504 386 1586 habebat,
415 1510 451 1567 ut
478 1504 605 1566 milium
634 1504 770 1587 amplius
799 1504 1030 1586 quinquaginta
1062 1505 1199 1566 circuitu
1230 1503 1310 1566 locis

238 1612 355 1694 apertis
384 1612 561 1675 exercitum
590 1610 732 1692 duceret,
762 1610 801 1673 de
826 1616 937 1692 quarta
961 1611 1084 1693 vigilia,
1113 1615 1148 1672 ut
1177 1611 1309 1693 dixerat,

211 1717 397 1800 sprofeotus
425 1723 480 1780 est.
527 1717 662 1799 septimo
692 1717 757 1798 die,
791 1736 864 1780 eum
892 1718 953 1779 iter
981 1736 1045 1779 non
1078 1719 1310 1798 intermitteret,

240 1823 279 1886 ab
312 1823 568 1907 exploratoribus
601 1824 718 1887 certior
752 1823 855 1898 factus
887 1829 934 1886 est
966 1824 1121 1887 Ariovisti
1153 1825 1259 1907 copias
1292 1845 1352 1887 ars

239 1931 355 1993 nostris
378 1930 467 1992 milia
489 1950 643 2013 passuum
665 1930 732 1993 ΙΙΠ
756 1936 787 1994 et
809 1930 877 1994 XX
900 1930 1018 1994 abesse.

184 2050 220 2105 42
328 2036 462 2120 Cognito
486 2036 632 2100 Caesaris
655 2037 795 2100 adventu
818 2038 999 2100 Ariovistus
1025 2037 1145 2120 legatos
1173 2037 1213 2099 ad
1237 2055 1336 2100 eumr

238 2145 348 2206 mittit:
375 2144 460 2227 quod
484 2149 578 2207 antea
599 2146 637 2209 de
659 2145 829 2226 conloquio
845 2145 1046 2226 postulasset,
1071 2145 1103 2206 id
1119 2164 1176 2228 per
1192 2163 1225 2206 se
1241 2142 1311 2206 fieri

238 2251 342 2333 licere,
367 2253 519 2333 quoniam
541 2253 672 2335 propius
696 2253 880 2315 accessisset
903 2271 1001 2333 seque
1024 2252 1057 2314 id
1081 2253 1150 2315 sine
1167 2251 1309 2334 periculo

212 2357 341 2421 afacere
363 2378 455 2441 posse
480 2359 684 2422 existimaret.
731 2377 797 2421 non
820 2359 942 2441 respuit
958 2358 1180 2421 condicionem
1196 2356 1310 2420 Caesar

238 2446 375 2547 iamque*
398 2483 472 2527 enm
504 2465 544 2529 ad
570 2457 745 2528 'sanitatem
768 2467 884 2528 reverti
911 2464 1135 2547 arbitrabatur,
1169 2484 1243 2527 cum
1266 2465 1337 2547 id,s

211 2571 326 2657 equod
342 2576 434 2634 antea
448 2573 568 2655 petenti
589 2572 784 2654 denegasset,
808 2572 893 2635 ultro
914 2572 1124 2655 polliceretur,
1148 2590 1310 2654 magnam-

239 2697 302 2761 que
326 2679 361 2740 in
385 2697 473 2760 spem
496 2678 645 2741 veniebat
671 2697 728 2761 pro
758 2680 824 2741 suis
852 2680 948 2742 tantis
976 2677 1150 2762 populique
1173 2679 1310 2740 Romani

237 2787 272 2848 in
297 2803 371 2848 eum
394 2784 557 2848 beneficiis
585 2786 721 2868 cognitis
749 2786 816 2847 suis
844 2786 1012 2868 postulatis
1035 2785 1114 2866 fore,
1142 2786 1190 2847 uti
1214 2786 1310 2867 perti-

180 2886 181 2890 ’
238 2894 330 2975 nacla
354 2892 527 2955 desisteret.
552 2891 620 2954 dies
643 2892 814 2973 conloquio
831 2891 935 2954 dictus
956 2897 1004 2956 est
1021 2911 1062 2955 ex
1085 2911 1121 2954 eo
1147 2892 1199 2954 die
1216 2891 1311 2973 quin·

167 3010 169 3013 ’
210 3003 298 3062 itus.
345 2999 475 3061 interim
503 3017 600 3088 ⁴saepe
632 3018 706 3061 cnm
737 2999 833 3081 legati
862 2998 944 3061 ultro
973 2999 1117 3081 citroque
1145 2999 1229 3060 inter
1256 3017 1309 3060 eos
1324 3019 1352 3060 ro
1430 3052 1431 3055 ,

238 3106 455 3187 mitterentur,
488 3105 671 3167 Ariovistus
698 3105 888 3190 postularit,
915 3123 955 3168 ne
985 3125 1081 3188 quem
1108 3104 1247 3188 peditem
1270 3104 1308 3166 ad
1399 3151 1400 3156 η

239 3212 448 3293 conloquium
472 3211 587 3275 Caesar
610 3211 795 3274 adduceret:
826 3213 929 3275 uereri
957 3232 1002 3293 se,
1030 3232 1071 3275 ne
1095 3231 1152 3295 per
1174 3211 1309 3274 insidias

239 3320 277 3382 ab
303 3337 340 3381 eo
357 3319 655 3396 circumveniretur,
679 3324 815 3399 uterque
831 3338 905 3380 curn
922 3320 1067 3401 equitatu
1082 3319 1221 3381 reniret:
1247 3317 1310 3380 alia
1347 3355 1350 3359 ,

169 3466 176 3477 ·
211 3426 361 3488 aratione
378 3444 446 3487 sese
463 3444 525 3487 non
544 3442 613 3500 esse
624 3430 804 3488 venturum.
842 3423 962 3507 Caesar,
980 3425 1065 3506 quod
1081 3443 1186 3505 neque
1203 3423 1309 3487 conlo-

328 3622 374 3673 41.
394 3619 410 3672 3
429 3617 510 3672 inlata
528 3599 653 3686 Jnarqa
673 3619 762 3670 innata
780 3617 810 3670 X
849 3618 857 3685 11
899 3619 915 3671 6
935 3634 996 3670 oum
1016 3617 1127 3670 tribunis
1148 3634 1178 3682 o,
1197 3633 1245 3684 per
1262 3616 1310 3669 tri-

238 3709 323 3762 bunos
342 3707 405 3774 B²ss
446 3710 454 3775 11
495 3696 727 3760 icenturionibus
747 3725 776 3774 a3
805 3708 973 3760 centuriones
996 3705 1058 3773 B²p
1086 3707 1107 3774 ,11
1148 3705 1188 3758 uti
1212 3724 1242 3772 a,
1271 3705 1310 3758 uti

238 3814 286 3865 per
304 3812 349 3849 eos
367 3795 429 3863 B²p
461 3797 469 3863 11
501 3797 624 3865 Suoque
643 3812 772 3864 umquam
789 3795 863 3862 B²p3
882 3812 932 3848 nec
951 3811 1077 3863 umquam
1098 3815 1115 3846 α
1152 3797 1160 3863 tl
1198 3795 1232 3849 10
1251 3811 1310 3848 esse

239 3903 291 3939 om.
306 3905 327 3954 χ
368 3887 377 3952 ll
419 3888 451 3938 11
472 3885 555 3939 Gallis
578 3885 682 3952 Oeace,
701 3885 760 3938 aliis
779 3885 810 3937 X
839 3886 847 3953 ΙΙ
881 3885 914 3938 16
933 3883 1007 3937 milia
1025 3884 1096 3950 Han
1117 3884 1224 3938 milibus
1242 3884 1273 3936 X

327 3975 373 4028 42.
395 3977 407 4025 1
429 3975 544 4028 caesaris
563 3976 681 4028 aduentu
701 3975 740 4040 at,
761 3975 880 4027 aduentu
899 3972 1043 4039 caesarisp
1075 3974 1083 4041 11
1115 3973 1311 4026 texistimaret

237 4063 313 4130 Βῗβς
327 4063 478 4116 existimare
490 4083 506 4114 a
530 4065 538 4132 11
562 4064 579 4117 8
591 4063 701 4132 cognitis
712 4063 768 4116 suis
778 4061 918 4131 postulatis
927 4063 977 4114 dal.
988 4061 1150 4114 *HJMuuer
1172 4067 1181 4129 11
1206 4062 1239 4116 10
1249 4078 1310 4114 curn

237 4151 319 4220 legati
337 4151 407 4204 ultro
428 4152 545 4220 citroque
564 4159 592 4218 p,
621 4151 691 4205 ultro
715 4152 833 4219 citroque
857 4167 919 4203 curn
937 4149 1018 4218 legati
1038 4170 1055 4201 α
1096 4155 1105 4219 11
1148 4151 1182 4202 14
1201 4167 1259 4204 sese
1279 4168 1310 4217 a,

239 4257 268 4294 se
284 4259 312 4312 <³3
332 4257 384 4292 om.
400 4259 421 4291 π
