2886 4666
176 318 179 322 “
204 303 246 364 94
603 317 708 371 BELLI
728 317 869 372 GALLICI

202 480 278 543 belli
303 481 461 543 inferendi
484 500 581 543 causa
598 482 641 542 ‘in
665 480 865 544 Britanniam
894 482 1103 544 transiturum
1132 480 1270 544 confide·
1285 507 1317 548 ro

202 587 288 650 bant.
334 589 442 668 itaque
458 607 569 650 rursus
586 588 805 650 coniuratione
821 587 904 650 facta
926 588 1079 670 paulatim
1103 607 1144 650 ex
1161 589 1271 650 castris

147 706 182 761 31
203 693 364 758 discedere
389 699 420 758 et
442 713 517 757 suos
541 695 622 757 clam
646 713 689 758 ex
712 695 798 776 agris
822 694 980 757 deducere
1004 695 1185 776 coeperunt.
1227 697 1297 761 Ati

203 800 331 882 Caesar,
355 802 414 864 etsi
436 801 582 864 nondum
605 820 713 864 eorum
740 801 872 864 consilia
889 806 1093 883 cognoverat,
1117 806 1223 864 tamen
1240 808 1274 864 et

202 927 244 971 ex
267 914 383 971 eventu
407 908 539 970 navium
562 928 694 971 suarum
721 914 753 971 et
781 926 897 989 exeo,
927 907 1012 989 quod
1041 908 1166 971 obsides
1194 909 1271 971 dare

175 1016 451 1096 2intermiserant,
474 1015 541 1078 fore
564 1015 611 1097 id,
636 1016 723 1097 quod
738 1016 865 1097 accidit,
890 1015 1119 1098 suspicabatur.
1163 1016 1270 1098 itaque

202 1123 242 1185 ad
266 1141 375 1186 omnes
400 1141 491 1185 casus
515 1121 658 1184 subsidia
681 1121 890 1204 comparabat.
929 1141 1004 1184 nam
1028 1128 1060 1185 et
1074 1121 1301 1188 frumentums

202 1247 243 1292 ex
267 1230 352 1312 agris
376 1230 491 1292 cotidie
516 1229 552 1301 in
577 1234 680 1292 castra
703 1228 885 1292 conferebat
914 1234 945 1292 et
973 1248 1056 1309 quae
1083 1230 1271 1312 gravissime

201 1329 345 1399 adflictae
369 1330 460 1399 erant
482 1355 594 1417 nares,
619 1355 728 1398 earum
751 1335 884 1398 materia
908 1341 1004 1416 atque
1032 1354 1104 1399 aere
1133 1336 1174 1398 ad
1197 1337 1271 1400 reli-

202 1463 282 1524 quas
305 1443 494 1507 reficiendas
517 1443 666 1506 utebatur
694 1447 726 1504 et
749 1461 830 1523 quae
855 1443 972 1506 adeas
1000 1461 1051 1506 res
1077 1439 1169 1506 erant
1195 1445 1270 1506 usui

174 1569 244 1618 eex
276 1552 454 1614 continenti
486 1550 662 1633 comparari
693 1549 830 1613 iubebat.
881 1550 1003 1632 itaque,
1037 1570 1111 1613 oum
1143 1569 1269 1612 summo

201 1657 306 1720 studio
341 1678 358 1719 a
385 1657 540 1721 militibus
569 1657 857 1733 administraretur,
885 1656 953 1719 XII
979 1657 1118 1720 naribus
1145 1657 1315 1720 amissis1o

146 1782 182 1838 3⁶3
201 1764 334 1846 reliquis
357 1769 394 1826 ut
417 1764 561 1847 navigari
587 1762 694 1848 <satis>
721 1764 886 1827 commode
910 1770 1017 1846 posset
1035 1764 1144 1826 effecit.
1182 1761 1295 1827 Dum1

202 1889 239 1933 ea
267 1875 434 1952 geruntur,
461 1870 587 1952 legione
616 1890 656 1932 ex
685 1871 915 1933 consuetudine
948 1891 1013 1932 una
1039 1871 1269 1933 frumentatum

202 1978 309 2059 missa,
334 1995 416 2059 quae
439 1977 657 2060 appellabatur
679 1976 761 2058 VII,
787 1997 892 2059 neque
920 1977 987 2040 ulla
1014 1977 1054 2039 ad
1080 1977 1115 2039 id
1143 1982 1269 2060 tempus

200 2084 278 2147 belli
302 2078 482 2167 suspicione
506 2085 703 2166 interposita,
728 2105 802 2147 cum
824 2103 898 2167 pars
924 2085 1093 2146 hominum
1120 2085 1154 2147 in
1183 2085 1269 2168 agris

201 2197 390 2273 remaneret,
422 2211 494 2275 pars
523 2192 619 2254 etiam
646 2193 680 2276 in
708 2197 810 2255 castra
836 2193 1018 2275 ventitaret,
1050 2191 1089 2274 ii,
1122 2192 1179 2274 qui
1211 2212 1299 2275 proc

199 2285 299 2382 portis
327 2303 503 2362 castrorum
531 2300 565 2360 in
593 2299 727 2362 statione
757 2304 858 2380 erant,
887 2298 1011 2362 Caesari
1038 2300 1270 2362 nuntiaverunt
1305 2344 1310 2357 .

200 2405 364 2489 pulverem
388 2408 554 2488 maiorem,
579 2425 674 2488 quam
699 2407 898 2468 consuetudo
921 2406 1029 2488 ferret,
1057 2409 1092 2469 in
1116 2426 1153 2469 ea
1180 2413 1269 2488 parte

173 2513 315 2594 evideri,
340 2533 437 2595 quam
459 2513 493 2575 in
515 2518 638 2595 partem
660 2513 742 2595 legio
769 2515 829 2576 iter
851 2513 985 2576 fecisset.
1032 2511 1146 2575 Caesar
1169 2550 1211 2558 —
1235 2512 1267 2573 id

202 2622 288 2704 quod
316 2625 448 2683 erat-
477 2621 656 2702 suspicatus
684 2620 804 2702 aliquid
832 2621 908 2683 novi
937 2640 955 2681 a
981 2620 1124 2682 barbaris
1151 2620 1268 2682 initum

200 2727 340 2808 consilii,
360 2728 517 2808 cohortes,
538 2745 619 2807 quae
637 2728 671 2789 in
686 2726 875 2790 stationibus
895 2731 996 2808 erant,
1016 2745 1125 2790 secum
1144 2727 1177 2788 in
1197 2745 1266 2789 eam
1282 2746 1312 2786 ro

199 2840 320 2918 partem
345 2832 516 2916 proficisci,
540 2853 581 2896 ex
603 2833 736 2916 reliquis
753 2816 831 2896 duas
847 2835 880 2894 in
897 2835 1065 2896 stationem
1089 2835 1268 2916 succedere,

172 2941 339 3024 areliquas
361 2943 484 3003 ¹armari
513 2945 544 3004 et
572 2941 738 3004 confestim
764 2959 832 3003 sese
861 2940 1013 3024 subsequi
1041 2942 1142 3004 iussit.
1194 2962 1269 3005 cum

199 3049 294 3131 paulo
312 3048 439 3135 longius
456 3068 475 3110 a
490 3049 601 3111 castris
617 3048 833 3131 processisset,
857 3067 932 3110 suos
948 3046 988 3110 ab
1004 3048 1149 3112 hostibus
1164 3051 1267 3132 premi

201 3161 295 3237 atque
319 3173 412 3238 aegre
435 3156 590 3218 sustinere
615 3162 646 3218 et
669 3153 810 3217 conferta
825 3154 951 3236 legione
976 3175 1017 3218 ex
1033 3156 1181 3219 omnibus
1196 3176 1268 3239 par-

171 3261 286 3326 itibus
310 3262 373 3324 tela
396 3262 476 3324 coici
501 3262 731 3325 animadvertit.
769 3281 844 3323 nam
869 3262 955 3343 quod
974 3264 1061 3324 omni
1076 3283 1119 3326 ex
1133 3263 1267 3344 reliquis
1282 3279 1310 3320 m

199 3368 343 3450 partibus
367 3370 510 3433 demesso
534 3368 692 3432 frumento
716 3388 790 3451 pars
813 3387 878 3430 una
905 3374 973 3432 erat
1000 3370 1136 3451 reliqua,
1164 3370 1267 3451 suspi-

200 3477 262 3538 cati
284 3476 391 3538 hostes
415 3475 477 3538 huc
500 3481 625 3538 nostros
650 3493 717 3538 esse
741 3481 894 3538 venturos
910 3481 1008 3538 noctu
1027 3477 1058 3536 in
1085 3476 1172 3537 silvis
1189 3475 1268 3536 deli-

289 3707 323 3758 12
342 3708 369 3759 et
386 3713 415 3772 β;
434 3706 481 3758 aut
499 3721 528 3770 ας
547 3719 579 3757 ac
597 3703 671 3756 coll

287 3796 332 3850 31.
353 3796 367 3847 7
388 3796 464 3848 erant
482 3793 625 3858 afflictaeti
656 3793 665 3860 ΗΗ
697 3793 741 3847 tle
753 3800 771 3859 β
802 3795 810 3862 ΗΗ
843 3793 989 3861 comparari
1008 3799 1037 3860 (33
1056 3793 1204 3861 conportari
1221 3812 1238 3843 α
1258 3792 1269 3863 ΗΗ

200 3887 230 3936 ll
251 3884 411 3952 nauigarcss
442 3883 450 3950 ΗΗ
483 3883 546 3935 satis
565 3883 628 3935 odd.
647 3883 756 3935 RScbo.
1275 3911 1287 3941 .

286 3973 332 4027 32.
353 3974 368 4025 5
388 3973 449 4039 hio
481 3973 489 4041 ΗΗ
522 3972 799 4038 branuntiaueruntss
831 3971 839 4040 ΗΗ
872 3973 1030 4037 9ηοιιιιηιβ
1061 3972 1069 4039 ΗΗ
1104 3971 1138 4025 10
1153 3970 1268 4024 statione

200 4062 222 4112 S
251 4061 259 4127 ΗΗ
293 4063 324 4112 11
347 4045 412 4113 duas
431 4077 465 4113 ex
484 4060 629 4129 reliquisfl
661 4055 669 4130 ΗΗ
701 4061 844 4115 succedere
862 4067 891 4127 βί
915 4061 1039 4114 cohortes
1058 4061 1201 4113 succedere
1221 4080 1238 4111 o
1258 4059 1268 4130 ΗΗ

199 4149 232 4202 12
251 4165 279 4202 se
297 4157 326 4217 fl,
346 4149 442 4203 omS
476 4151 484 4219 ΗΗ
521 4152 554 4204 15
574 4150 692 4203 animum
711 4150 863 4216 aduertitss
894 4149 902 4216 Η
941 4149 973 4202 16
997 4163 1057 4216 pars
1082 4166 1134 4203 una
1158 4168 1188 4216 α;
1212 4166 1268 4202 una

197 4255 258 4306 pars
276 4245 293 4305 β
