2886 4666
253 311 317 373 230
652 325 766 398 1111111
781 325 922 379 cinnor

252 493 431 552 armaturae
454 487 589 572 pedites,
613 508 693 570 quos
717 493 790 551 ante
813 488 954 570 legiones
977 489 1090 550 missos
1114 487 1222 568 docui,
1251 493 1319 550 tur-

223 597 376 677 amisque
399 600 580 658 nostrorum
607 596 784 678 interpositi
812 599 991 658 constanter
1019 593 1221 677 proeliantur.
1260 615 1319 676 pu·

251 709 367 785 gnatur
383 702 580 784 aliquamdiu
596 703 664 785 pari
680 703 897 780 contentione,
923 701 1047 780 deinde,
1065 706 1099 764 ut
1114 703 1194 764 ratio
1210 705 1361 783 postu-10

251 808 336 872 labat
358 809 483 892 proelii,
508 809 563 892 qui
586 810 802 872 sustinuerant
825 809 944 891 primos
963 809 1107 890 impetus.
1121 808 1318 890 insidiarum,

252 917 312 978 hoc
339 917 408 998 ipso
435 914 518 978 fiunt
545 916 735 998 superioreS,
765 915 850 996 quod
873 915 1000 977 nullum
1028 915 1066 977 ab
1094 915 1319 978 insidiantibus

224 1023 468 1105 rimprudentes
500 1028 686 1105 acceperant
718 1021 951 1085 detrimentum.
1001 1022 1156 1084 accedunt
1187 1023 1319 1104 propius

253 1130 381 1192 interim
403 1129 557 1211 legiones,
586 1129 752 1211 crebrique
781 1128 893 1192 eodem
921 1134 1061 1211 tempore
1089 1135 1120 1191 et
1147 1130 1319 1191 nostriset

252 1235 398 1299 hostibus
420 1236 527 1298 nuntii
551 1235 749 1315 adferuntur,
776 1237 997 1318 imperatorem
1027 1236 1190 1298 instructis
1219 1236 1319 1317 copiis
1333 1260 1361 1301 15

224 1341 370 1407 cadesse.
410 1362 472 1424 qua
494 1362 530 1406 re
553 1343 681 1425 cognita
703 1342 861 1426 praesidio
882 1343 1062 1405 cohortium
1086 1341 1197 1405 confisi
1219 1338 1320 1404 nostri

252 1450 404 1512 acerrime
427 1450 636 1531 proeliantur,
659 1467 713 1530 ne,
737 1451 764 1512 si
788 1449 909 1513 tardius
927 1468 996 1512 rem
1014 1450 1196 1532 gessissent,
1219 1449 1319 1511 victo·

252 1557 319 1618 riae
351 1556 485 1639 gloriam
517 1557 770 1620 communicasse
803 1576 876 1619 cum
908 1556 1091 1639 legionibus
1121 1555 1318 1634 viderentur3

224 1664 358 1727 chostes
385 1663 560 1726 concidunt
588 1665 702 1726 animis
731 1668 826 1746 atque
854 1663 1021 1726 itineribus
1050 1663 1184 1726 diversis
1211 1662 1319 1744 fugam

254 1777 417 1852 quaerunt.
454 1772 663 1853 nequiquam:
688 1790 763 1833 nam
783 1770 899 1852 quibus
919 1769 1157 1833 difficultatibus
1175 1770 1320 1832 locorum
1333 1793 1361 1836 20

224 1877 411 1942 rRomanos
444 1876 591 1940 claudere
620 1878 802 1959 voluerant,
833 1879 873 1940 iis
904 1878 967 1961 ipsi
998 1876 1198 1940 tenebantur.
1243 1877 1320 1938 victi

252 1983 380 2046 tandem
405 1984 605 2066 perculsique
632 1987 752 2047 maiore
780 1989 867 2068 parte
896 1986 1011 2047 amissa
1034 1985 1227 2046 consternati
1249 2002 1319 2066 pro-

252 2090 381 2172 fugiunt
400 2091 515 2174 partim
531 2091 619 2154 silvis
634 2092 755 2174 petitia,
779 2092 892 2174 partim
911 2090 1059 2173 flumine,
1080 2127 1121 2134 -
1142 2092 1197 2172 qui
1213 2096 1318 2153 tamen

224 2220 239 2262 a
253 2197 287 2257 in
301 2197 378 2279 fuga
394 2217 413 2259 a
427 2200 544 2261 nostris
561 2199 675 2261 acriter
689 2197 935 2281 insequentibus
951 2197 1170 2279 conficiuntur,
1184 2234 1225 2242 —
1246 2216 1317 2259 cum

252 2305 382 2367 interim
410 2305 499 2367 nulla
527 2305 703 2369 calamitate
727 2307 831 2368 victus
855 2303 989 2368 Correus
1018 2304 1171 2368 excedere
1200 2304 1318 2386 proelio
1333 2325 1361 2367 25

253 2411 415 2492 silvasque
442 2423 548 2495 petere
581 2416 636 2475 aut
663 2402 874 2475 invitantibus
906 2413 1024 2475 nostris
1052 2411 1093 2474 ad
1126 2411 1319 2474 deditionem

252 2520 354 2600 potuit
386 2519 515 2601 adduci,
550 2521 628 2601 quin
659 2519 829 2582 fortissime
860 2518 1043 2603 proeliando
1076 2518 1320 2602 compluresque

252 2624 450 2688 vulnerando
479 2631 606 2708 cogeret
638 2626 736 2688 elatos
764 2626 929 2688 iracundia
956 2627 1091 2688 victores
1123 2627 1158 2687 in
1191 2644 1225 2688 se
1258 2624 1320 2687 tela

253 2733 384 2795 coicere.

195 2855 234 2910 20
340 2839 407 2901 Tali
434 2839 529 2902 modo
562 2858 597 2902 re
629 2844 716 2922 gesta
748 2839 929 2903 recentibus
957 2841 1071 2921 proelii
1098 2840 1243 2922 vestigiis
1270 2839 1347 2900 in-r

252 2965 380 3027 gressus
408 2945 534 3027 Caesar,
567 2966 639 3009 cum
668 2948 768 3010 victos
797 2952 882 3010 tanta
915 2947 1091 3009 calamitate
1124 2947 1320 3009 existimaret

252 3052 356 3115 hostes
385 3055 496 3115 nuntio
526 3058 654 3136 accepto
686 3053 792 3116 locum
821 3058 996 3116 castrorum
1025 3053 1205 3133 relicturoS,
1238 3071 1319 3133 quae

253 3177 318 3220 non
341 3159 468 3240 longius
492 3160 530 3222 ab
555 3179 591 3222 ea
614 3160 711 3223 caede
735 3160 843 3224 abesse
866 3160 939 3243 plus
962 3162 1069 3223 miuus
1092 3160 1173 3221 Vlll
1190 3160 1318 3222 milibus

254 3264 448 3347 dicebantur,
473 3269 597 3329 tametsi
620 3265 753 3329 flumine
775 3267 965 3350 impeditum
988 3267 1157 3329 transitum
1181 3266 1347 3348 videbat,5

223 3376 358 3437 atamen
392 3374 534 3435 exercitu
566 3374 708 3436 traducto
741 3374 949 3457 progreditur.
996 3378 1028 3436 at
1056 3374 1219 3436 Bellovaci
1247 3372 1319 3434 reli-

254 3498 400 3561 quaeque
424 3481 567 3543 civitates
594 3486 723 3562 repente
751 3500 792 3544 ex
819 3481 896 3564 fuga
922 3482 1033 3564 paucis
1061 3487 1156 3563 atque
1179 3481 1227 3542 his
1251 3480 1319 3542 vul-

253 3586 370 3650 neratis
394 3588 542 3671 receptis,
566 3589 622 3670 qui
645 3587 798 3650 silvarum
816 3588 972 3651 beneficio
989 3607 1098 3650 casum
1115 3589 1319 3668 evitaverant,

341 3798 473 3851 8missos
493 3817 522 3864 u;
541 3798 636 3851 missos
655 3805 750 3865 esset
782 3799 790 3866 ΙΙ
822 3799 1019 3866 9mterpositis
1039 3819 1056 3850 a
1089 3801 1097 3862 11
1131 3801 1162 3851 11
1183 3799 1319 3851 insidiato-

252 3903 312 3938 rum
330 3886 424 3939 Jurc'n.
457 3888 466 3951 11
499 3887 533 3939 14
551 3887 733 3955 crebrisquess
764 3892 773 3955 11
805 3890 832 3940 et
844 3889 940 3940 nostris
955 3907 985 3954 a,
1004 3888 1129 3954 nostrisp
1162 3889 1170 3956 11
1206 3890 1319 3941 15111111-

249 3976 290 4028 tia
308 3976 498 4043 deserunturp
533 3977 542 4044 ll
579 3977 612 4030 19
632 3977 720 4046 atquc]
739 3977 767 4028 in
785 3978 846 4030 add.
873 3997 890 4028 α
931 3979 939 4046 ll
981 3979 1012 4030 21
1038 3977 1070 4029 iis
1090 3977 1141 4045 (his
1162 3978 1194 4044 S)
1215 3996 1244 4044 a,
1266 3994 1318 4030 om.

252 4071 269 4130 β
300 4064 308 4131 Η
341 4065 375 4116 22
398 4066 504 4118 taudem
522 4065 624 4132 Oiucc.;
642 4069 733 4119 tamen
751 4067 782 4119 X
810 4067 819 4134 ΙΙ
851 4067 1010 4119 consternati
1032 4085 1061 4133 n3
1081 4083 1132 4135 quc
1155 4068 1208 4119 fors
1221 4066 1320 4119 tulerat

249 4155 445 4220 consternatio
468 4156 476 4222 ΙΙ
500 4154 534 4206 24
553 4171 568 4207 a
586 4161 669 4220 unat
691 4156 699 4224 ll
723 4155 757 4208 25
776 4157 889 4209 corbeus
903 4175 920 4207 α
946 4155 955 4222 tl
978 4156 1012 4210 28
1025 4156 1109 4209 elatos
1122 4162 1205 4222 onass

341 4244 387 4298 ab.
408 4244 423 4294 4
442 4243 503 4312 plus
522 4243 610 4296 minus
628 4244 668 4310 X3
687 4259 815 4312 passuum
834 4244 911 4311 rra.
945 4246 954 4313 ll
985 4245 1152 4298 Seuitarant
1171 4263 1193 4295 π
