2886 4666
219 269 286 330 218
515 338 517 342 Α
621 282 727 336 BELLI
745 281 888 336 GALLICI

220 446 292 509 aliis
315 464 384 510 esse
406 447 594 528 perfectum,
619 444 704 528 quod
729 464 793 507 non
816 446 931 507 horum
951 445 1107 528 elegantia
1128 464 1289 509 commen-

189 554 373 616 otariorum
397 557 572 635 superetur.
616 553 671 633 qui
695 556 770 615 sunt
793 551 883 635 editi,
907 571 948 615 ne
972 552 1105 615 scientia
1128 557 1287 615 tantarum

220 678 327 723 rerum
358 659 564 742 scriptoribus
593 659 667 723 dees
721 709 728 741 ‚
761 659 905 740 adeoque
937 658 1113 741 probantur
1145 661 1288 722 omnium
1304 683 1330 724 15

219 767 353 848 iudicio,
386 771 422 829 ut
448 771 626 849 praerepta,
656 785 722 829 non
750 764 892 848 praebita
918 765 1052 829 facultas
1080 766 1289 848 scriptoribus

188 873 373 936 evideatur.
413 874 504 936 cuius
527 877 635 936 tamen
658 875 705 937 rei
723 873 825 935 maior
843 877 951 936 nostra
975 892 1071 955 quam
1089 872 1288 955 reliquorum

219 984 269 1044 est
296 980 475 1060 admirati03
512 981 609 1044 ceteri
637 980 724 1043 enim
752 999 847 1062 quam
881 979 962 1051 bene
989 983 1085 1063 atque
1113 979 1288 1061 emendate,

219 1106 278 1150 nos
301 1088 397 1150 etiam
422 1106 517 1168 quam
545 1086 637 1150 facile
666 1091 760 1169 atque
788 1087 932 1150 celeriter
960 1105 1014 1150 eos
1038 1087 1205 1168 perfecerit
1227 1088 1287 1150 sci-

189 1213 299 1257 rmus.
339 1198 406 1257 erat
428 1199 534 1256 autem
558 1194 594 1255 in
613 1191 744 1257 Caesare
767 1213 842 1256 cum
859 1193 992 1256 facultas
1016 1197 1111 1275 atque
1131 1193 1330 1277 elegantiam

220 1320 345 1364 summa
368 1299 540 1383 scribendi,
565 1306 633 1363 tum
648 1300 814 1364 verissima
837 1300 970 1363 scientia
991 1319 1122 1363 suorum
1139 1300 1288 1363 consilio-

188 1427 291 1471 erum
320 1407 590 1490 explicandorum.
636 1407 716 1469 mihi
748 1425 788 1469 ne
816 1406 896 1469 illud
930 1407 1058 1488 quidem
1092 1407 1219 1490 accidit,
1253 1412 1289 1469 ut

221 1514 440 1577 Alexandrino
467 1518 561 1596 atque
585 1513 737 1576 Africano
761 1513 851 1606 bello
869 1514 1069 1594 interessem3
1100 1533 1180 1596 quae
1203 1513 1288 1578 bella
1313 1575 1317 1584 ,

220 1640 416 1702 quamquam
444 1641 486 1685 ex
514 1627 602 1704 parte
631 1620 723 1683 nobis
752 1619 895 1684 Caesaris
924 1639 1069 1684 sermone
1101 1625 1176 1683 sunt
1203 1625 1287 1701 nota,

218 1733 325 1792 tamen
350 1727 442 1791 aliter
465 1728 612 1790 audimus
636 1746 685 1809 ea,
710 1746 791 1810 quae
815 1745 923 1789 rerum
946 1727 1086 1791 novitate
1110 1732 1165 1790 aut
1187 1727 1288 1790 admi·
1302 1748 1328 1789 25

219 1836 343 1898 ratione
371 1855 431 1899 nos
459 1836 600 1918 capiunt,
634 1834 736 1916 aliter,
771 1852 852 1915 quae
880 1853 936 1918 pro
965 1835 1146 1897 testimonio
1176 1853 1287 1896 sumus

188 1960 206 2000 a
221 1940 345 2003 dicturi.
384 1941 440 2005 scd
456 1959 514 2024 ego
530 1942 696 2023 nimirum,
721 1927 797 2003 dum
820 1960 929 2005 omnes
945 1942 1160 2005 excusationis
1176 1960 1287 2004 causas

219 2047 349 2130 colligo,
377 2067 418 2110 ne
441 2067 515 2110 cum
539 2046 671 2111 Caesare
694 2047 851 2131 conferar,
879 2048 939 2111 hoc
965 2049 1033 2131 ipso
1058 2049 1178 2112 crimen
1202 2067 1287 2110 arro-

218 2155 344 2236 gantiae
361 2154 467 2236 subeo,
484 2155 570 2237 quod
585 2173 637 2218 me
652 2154 773 2218 iudicio
791 2155 979 2237 cuiusquam
997 2155 1179 2218 existimem
1193 2173 1287 2238 posse

218 2280 294 2324 cum
318 2260 450 2326 Caesare
474 2263 657 2345 comparari.
693 2263 773 2326 vale.
1009 2314 1012 2319 ,
1301 2281 1328 2322 eo

179 2486 200 2538 1
310 2474 403 2539 Omni
429 2475 532 2538 Callia
555 2475 680 2539 devicta
704 2474 916 2539 Caesareum
940 2496 959 2538 a
981 2476 1144 2558 superiore
1169 2480 1313 2539 aestater

218 2582 345 2645 nullum
367 2582 508 2646 bellandi
532 2587 657 2665 tempus
680 2583 901 2647 intermisisset
928 2582 1109 2664 militesque
1137 2582 1287 2646 hiberno-

218 2709 291 2752 rum
321 2690 427 2771 quiete
454 2688 584 2752 reficere
613 2709 631 2751 a
659 2691 754 2752 tantis
781 2688 943 2752 laboribus
970 2689 1080 2772 vellet,
1108 2689 1286 2772 complures

218 2795 332 2858 codem
359 2800 501 2879 tempore
529 2797 672 2860 civitates
699 2814 853 2858 renovare
885 2796 962 2861 belli
994 2796 1126 2859 consilia
1159 2798 1286 2859 nuntia·

188 2894 336 2966 abantur
368 2904 669 2985 coniurationesque
701 2903 812 2965 facere.
865 2904 958 2966 cuius
990 2904 1038 2966 rei
1069 2904 1138 2967 veri
1170 2903 1312 2966 similiss

218 3028 315 3072 causa
343 3008 555 3091 adferebatur,
589 3011 675 3091 quod
704 3009 803 3073 Gallis
832 3009 980 3072 omnibus
1012 3011 1176 3092 cognitum
1204 3014 1286 3072 esset

218 3134 323 3196 neque
357 3115 424 3178 ulla
454 3116 660 3180 multitudine
694 3116 729 3178 in
764 3136 864 3179 unum
899 3116 1005 3180 locum
1039 3122 1146 3179 coacta
1180 3117 1286 3180 resisti

218 3240 311 3306 posse
328 3220 368 3305 [a]
385 3220 549 3305 Romanis,
573 3242 644 3306 nec,
668 3224 696 3285 si
720 3222 843 3286 diversa
865 3222 949 3286 bella
969 3223 1148 3306 complures
1173 3223 1285 3286 eodem

218 3335 359 3410 tempore
387 3329 571 3392 intulissent
598 3331 752 3412 civitates,
781 3330 857 3392 satis
885 3329 998 3397 auxilii
1026 3334 1081 3393 aut
1108 3331 1203 3413 spatii
1231 3335 1286 3392 aut

180 3449 185 3452 ’
218 3437 381 3517 copiarum
406 3434 589 3498 habiturum
613 3437 789 3500 exercitum
813 3436 923 3520 populi
946 3436 1083 3499 Romani
1111 3436 1150 3499 ad
1178 3437 1286 3499 omnia
1300 3453 1327 3494 10

186 3542 451 3626 epersequenda3
484 3561 550 3606 non
578 3561 647 3607 esse
675 3547 779 3606 autem
814 3544 909 3606 alicui
938 3544 1059 3606 civitati
1091 3548 1208 3607 sortem
1236 3544 1285 3605 in-

219 3650 377 3712 commodi
404 3650 627 3733 recusandam,
661 3650 688 3712 si
717 3651 772 3713 tali
799 3670 889 3713 mora
919 3651 1062 3732 reliquae
1093 3655 1224 3733 possent
1251 3668 1285 3712 se

308 3844 341 3897 15
360 3845 460 3912 rerum]
479 3846 614 3912 gestarum
632 3844 724 3910 cddfl
755 3846 764 3914 ll
796 3844 895 3897 desita
927 3843 935 3911 ΙΙ
969 3844 1002 3897 19
1014 3844 1155 3912 perfecerit
1166 3843 1206 3910 X3
1226 3859 1285 3911 per-

214 3933 353 4000 scripserit
373 3932 524 3986 Scatrae
560 3935 569 3998 ΙΙ
604 3933 638 3986 22
657 3933 752 3987 accidit
770 3934 875 4002 quidem
895 3951 927 4000 ⁷13
952 3933 1058 4001 quidem
1080 3950 1169 4003 ceap
1205 3933 1213 4001 ll
1251 3933 1285 3986 28

216 4021 305 4089 ipsum
325 4041 342 4073 a
375 4024 383 4091 ll
416 4023 450 4076 30
468 4022 536 4076 Uale
556 4040 585 4090 c3
605 4028 693 4088 omli

280 4167 282 4169 ,
307 4113 334 4166 1.
353 4111 371 4164 8
390 4127 406 4165 a
424 4111 473 4164 dcl.
493 4111 532 4166 ed.
551 4113 579 4179 13
598 4128 614 4165 a
633 4111 689 4182 (se)
714 4110 781 4164 Oud.
815 4113 823 4177 ll
856 4112 890 4166 10
908 4111 1055 4165 exercitum
1074 4111 1165 4180 populi
1184 4110 1285 4165 romani

213 4217 248 4276 ‚1‘3
267 4199 395 4268 populum
413 4207 581 4268 romanumfl
613 4201 621 4269 ll
655 4203 695 4254 11.
711 4201 745 4254 12
757 4201 916 4254 incommodi
928 4200 1028 4268 AM²p3
1048 4200 1253 4268 incommodta)e
1267 4219 1284 4251 a
