<?xml version="1.0" encoding="UTF-8"?>
<!DOCTYPE html PUBLIC "-//W3C//DTD XHTML 1.0 Transitional//EN"
    "http://www.w3.org/TR/xhtml1/DTD/xhtml1-transitional.dtd">
<html xmlns="http://www.w3.org/1999/xhtml" xml:lang="en" lang="en">
 <head>
  <title>
</title>
<meta http-equiv="Content-Type" content="text/html;charset=utf-8" />
  <meta name='ocr-system' content='tesseract 3.04.00' />
  <meta name='ocr-capabilities' content='ocr_page ocr_carea ocr_par ocr_line ocrx_word'/>
</head>
<body>
  <div class='ocr_page' id='page_1' title='image "./ciuliicaesarisb03meusgoog_0016.png"; bbox 0 0 2886 4666; ppageno 0'>
   <div class='ocr_carea' id='block_1_1' title="bbox 184 280 824 337">
    <p class='ocr_par' dir='ltr' id='par_1_1' title="bbox 184 280 824 337">
     <span class='ocr_line' id='line_1_1' title="bbox 184 280 824 337; baseline -0.011 -6"><span class='ocrx_word' id='word_1_1' title='bbox 184 288 241 331; x_wconf 84' lang='lat' dir='ltr'>vur</span> <span class='ocrx_word' id='word_1_2' title='bbox 661 280 824 337; x_wconf 78' lang='grc'><strong>1111111111</strong></span> 
     </span>
    </p>
   </div>
   <div class='ocr_carea' id='block_1_2' title="bbox 184 445 1312 4161">
    <p class='ocr_par' dir='ltr' id='par_1_2' title="bbox 184 445 1312 4161">
     <span class='ocr_line' id='line_1_2' title="bbox 184 445 1305 526; baseline 0 -17"><span class='ocrx_word' id='word_1_3' title='bbox 184 446 372 520; x_wconf 79' lang='lat' dir='ltr'>desiderabit,</span> <span class='ocrx_word' id='word_1_4' title='bbox 391 447 478 507; x_wconf 87' lang='lat' dir='ltr'>adeat</span> <span class='ocrx_word' id='word_1_5' title='bbox 491 452 543 506; x_wconf 90' lang='lat' dir='ltr'>aut</span> <span class='ocrx_word' id='word_1_6' title='bbox 556 446 750 523; x_wconf 81' lang='lat' dir='ltr'>appendicem</span> <span class='ocrx_word' id='word_1_7' title='bbox 764 445 868 506; x_wconf 85' lang='lat' dir='ltr'>Lexici</span> <span class='ocrx_word' id='word_1_8' title='bbox 883 447 942 518; x_wconf 83' lang='lat' dir='ltr'>mei</span> <span class='ocrx_word' id='word_1_9' title='bbox 961 445 1129 515; x_wconf 73' lang='lat' dir='ltr'><strong>Caesariani</strong></span> <span class='ocrx_word' id='word_1_10' title='bbox 1147 453 1199 510; x_wconf 81' lang='lat' dir='ltr'>aut</span> <span class='ocrx_word' id='word_1_11' title='bbox 1217 467 1305 526; x_wconf 87' lang='lat' dir='ltr'>quem</span> 
     </span>
     <span class='ocr_line' id='line_1_3' title="bbox 185 535 1306 613; baseline 0.004 -17"><span class='ocrx_word' id='word_1_12' title='bbox 185 536 341 612; x_wconf 84' lang='lat' dir='ltr'>separatim</span> <span class='ocrx_word' id='word_1_13' title='bbox 364 536 435 595; x_wconf 89' lang='lat' dir='ltr'>inde</span> <span class='ocrx_word' id='word_1_14' title='bbox 457 536 539 612; x_wconf 84' lang='lat' dir='ltr'>typis</span> <span class='ocrx_word' id='word_1_15' title='bbox 564 535 776 608; x_wconf 78' lang='lat' dir='ltr'>excnbendurn</span> <span class='ocrx_word' id='word_1_16' title='bbox 795 535 895 594; x_wconf 88' lang='lat' dir='ltr'>curavi</span> <span class='ocrx_word' id='word_1_17' title='bbox 923 535 1032 607; x_wconf 78' lang='lat' dir='ltr'>librum</span> <span class='ocrx_word' id='word_1_18' title='bbox 1060 537 1112 613; x_wconf 85' lang='lat' dir='ltr'>qui</span> <span class='ocrx_word' id='word_1_19' title='bbox 1136 537 1306 609; x_wconf 78' lang='lat' dir='ltr'>inscribitur</span> 
     </span>
     <span class='ocr_line' id='line_1_4' title="bbox 186 620 1305 699; baseline 0.002 -14"><span class='ocrx_word' id='word_1_20' title='bbox 186 625 377 685; x_wconf 79' lang='lat' dir='ltr'>Coniecturae</span> <span class='ocrx_word' id='word_1_21' title='bbox 401 624 599 695; x_wconf 74' lang='lat' dir='ltr'>Caesarianae.</span> <span class='ocrx_word' id='word_1_22' title='bbox 626 620 667 668; x_wconf 78' lang='grc'>-’-’</span> <span class='ocrx_word' id='word_1_23' title='bbox 680 623 812 697; x_wconf 77' lang='lat' dir='ltr'>&#39;Er&#39;rores</span> <span class='ocrx_word' id='word_1_24' title='bbox 833 624 1018 699; x_wconf 84' lang='lat' dir='ltr'>singulorum</span> <span class='ocrx_word' id='word_1_25' title='bbox 1037 624 1223 695; x_wconf 75' lang='lat' dir='ltr'>librariorum</span> <span class='ocrx_word' id='word_1_26' title='bbox 1236 645 1305 695; x_wconf 85' lang='lat' dir='ltr'>cum</span> 
     </span>
     <span class='ocr_line' id='line_1_5' title="bbox 185 711 1306 791; baseline 0.002 -18"><span class='ocrx_word' id='word_1_27' title='bbox 185 714 273 791; x_wconf 88' lang='lat' dir='ltr'>plane</span> <span class='ocrx_word' id='word_1_28' title='bbox 291 714 524 790; x_wconf 82' lang='lat' dir='ltr'>praetermittere</span> <span class='ocrx_word' id='word_1_29' title='bbox 543 711 758 786; x_wconf 79' lang='lat' dir='ltr'>constituerim,</span> <span class='ocrx_word' id='word_1_30' title='bbox 781 731 841 773; x_wconf 91' lang='lat' dir='ltr'>non</span> <span class='ocrx_word' id='word_1_31' title='bbox 859 713 945 781; x_wconf 88' lang='lat' dir='ltr'>modo</span> <span class='ocrx_word' id='word_1_32' title='bbox 958 713 1079 790; x_wconf 74' lang='lat' dir='ltr'>neglexi</span> <span class='ocrx_word' id='word_1_33' title='bbox 1096 720 1198 790; x_wconf 78' lang='lat' dir='ltr'>aperta</span> <span class='ocrx_word' id='word_1_34' title='bbox 1215 716 1306 783; x_wconf 83' lang='lat' dir='ltr'>unius</span> 
     </span>
     <span class='ocr_line' id='line_1_6' title="bbox 184 801 1306 878; baseline 0.004 -17"><span class='ocrx_word' id='word_1_35' title='bbox 184 803 296 873; x_wconf 84' lang='lat' dir='ltr'>librarii</span> <span class='ocrx_word' id='word_1_36' title='bbox 325 803 443 876; x_wconf 89' lang='lat' dir='ltr'>menda,</span> <span class='ocrx_word' id='word_1_37' title='bbox 470 807 504 861; x_wconf 91' lang='lat' dir='ltr'>ut</span> <span class='ocrx_word' id='word_1_38' title='bbox 527 802 554 858; x_wconf 88' lang='lat' dir='ltr'>V</span> <span class='ocrx_word' id='word_1_39' title='bbox 570 803 655 876; x_wconf 79' lang='lat'>53,5</span> <span class='ocrx_word' id='word_1_40' title='bbox 684 802 723 863; x_wconf 85' lang='lat' dir='ltr'>ud</span> <span class='ocrx_word' id='word_1_41' title='bbox 743 802 841 878; x_wconf 85' lang='lat' dir='ltr'>portis</span> <span class='ocrx_word' id='word_1_42' title='bbox 864 801 908 876; x_wconf 89' lang='lat' dir='ltr'>M,</span> <span class='ocrx_word' id='word_1_43' title='bbox 937 803 989 869; x_wconf 88' lang='lat' dir='ltr'>sed</span> <span class='ocrx_word' id='word_1_44' title='bbox 1017 802 1106 873; x_wconf 75' lang='lat' dir='ltr'>etiam</span> <span class='ocrx_word' id='word_1_45' title='bbox 1132 803 1159 873; x_wconf 84' lang='lat' dir='ltr'>ei</span> <span class='ocrx_word' id='word_1_46' title='bbox 1185 803 1218 860; x_wconf 90' lang='lat' dir='ltr'>in</span> <span class='ocrx_word' id='word_1_47' title='bbox 1245 822 1306 873; x_wconf 85' lang='lat' dir='ltr'>uno</span> 
     </span>
     <span class='ocr_line' id='line_1_7' title="bbox 185 889 1304 968; baseline 0.001 -18"><span class='ocrx_word' id='word_1_48' title='bbox 185 891 286 950; x_wconf 88' lang='lat' dir='ltr'>codice</span> <span class='ocrx_word' id='word_1_49' title='bbox 309 891 421 968; x_wconf 87' lang='lat' dir='ltr'>(contra</span> <span class='ocrx_word' id='word_1_50' title='bbox 439 891 620 967; x_wconf 89' lang='lat' dir='ltr'>reliquorum</span> <span class='ocrx_word' id='word_1_51' title='bbox 639 891 771 961; x_wconf 83' lang='lat' dir='ltr'>omniurn</span> <span class='ocrx_word' id='word_1_52' title='bbox 789 889 979 967; x_wconf 83' lang='lat' dir='ltr'>consensum)</span> <span class='ocrx_word' id='word_1_53' title='bbox 998 890 1141 967; x_wconf 76' lang='lat' dir='ltr'>scripturn</span> <span class='ocrx_word' id='word_1_54' title='bbox 1159 895 1207 951; x_wconf 90' lang='lat' dir='ltr'>est</span> <span class='ocrx_word' id='word_1_55' title='bbox 1225 893 1304 968; x_wconf 84' lang='lat' dir='ltr'>quod</span> 
     </span>
     <span class='ocr_line' id='line_1_8' title="bbox 186 978 1302 1057; baseline 0 -17"><span class='ocrx_word' id='word_1_56' title='bbox 186 999 245 1053; x_wconf 88' lang='lat' dir='ltr'>uon</span> <span class='ocrx_word' id='word_1_57' title='bbox 263 981 399 1038; x_wconf 88' lang='lat' dir='ltr'>abhorret</span> <span class='ocrx_word' id='word_1_58' title='bbox 413 998 430 1038; x_wconf 88' lang='lat' dir='ltr'>a</span> <span class='ocrx_word' id='word_1_59' title='bbox 444 979 577 1039; x_wconf 72' lang='lat' dir='ltr'>Cameris</span> <span class='ocrx_word' id='word_1_60' title='bbox 591 979 707 1053; x_wconf 85' lang='lat' dir='ltr'>dicendi</span> <span class='ocrx_word' id='word_1_61' title='bbox 722 979 948 1053; x_wconf 83' lang='lat' dir='ltr'>consuetudine,</span> <span class='ocrx_word' id='word_1_62' title='bbox 967 979 1051 1047; x_wconf 83' lang='lat' dir='ltr'>velut</span> <span class='ocrx_word' id='word_1_63' title='bbox 1066 979 1147 1057; x_wconf 84' lang='lat' dir='ltr'>quod</span> <span class='ocrx_word' id='word_1_64' title='bbox 1160 978 1190 1037; x_wconf 90' lang='lat' dir='ltr'>V</span> <span class='ocrx_word' id='word_1_65' title='bbox 1200 982 1251 1055; x_wconf 75' lang='lat'>54,</span> <span class='ocrx_word' id='word_1_66' title='bbox 1262 982 1302 1040; x_wconf 88' lang='grc'>22</span> 
     </span>
     <span class='ocr_line' id='line_1_9' title="bbox 185 1068 1306 1144; baseline -0.001 -15"><span class='ocrx_word' id='word_1_67' title='bbox 185 1069 217 1129; x_wconf 87' lang='grc'>11</span> <span class='ocrx_word' id='word_1_68' title='bbox 243 1068 438 1127; x_wconf 86' lang='lat' dir='ltr'>Sinvenitnr</span> <span class='ocrx_word' id='word_1_69' title='bbox 465 1069 557 1135; x_wconf 81' lang='lat' dir='ltr'>huius</span> <span class='ocrx_word' id='word_1_70' title='bbox 584 1068 747 1144; x_wconf 75' lang='lat' dir='ltr'>opinionis,</span> <span class='ocrx_word' id='word_1_71' title='bbox 775 1085 842 1127; x_wconf 89' lang='lat' dir='ltr'>cum</span> <span class='ocrx_word' id='word_1_72' title='bbox 870 1068 901 1126; x_wconf 93' lang='grc'>11</span> <span class='ocrx_word' id='word_1_73' title='bbox 929 1068 1034 1129; x_wconf 87' lang='lat' dir='ltr'>ceteris</span> <span class='ocrx_word' id='word_1_74' title='bbox 1060 1069 1146 1131; x_wconf 86' lang='lat' dir='ltr'>libris</span> <span class='ocrx_word' id='word_1_75' title='bbox 1174 1069 1216 1128; x_wconf 87' lang='lat' dir='ltr'>sit</span> <span class='ocrx_word' id='word_1_76' title='bbox 1241 1069 1306 1129; x_wconf 86' lang='lat' dir='ltr'>eius</span> 
     </span>
     <span class='ocr_line' id='line_1_10' title="bbox 186 1157 1306 1234; baseline 0.002 -18"><span class='ocrx_word' id='word_1_77' title='bbox 186 1157 350 1234; x_wconf 76' lang='lat' dir='ltr'>opinionis,</span> <span class='ocrx_word' id='word_1_78' title='bbox 374 1157 422 1216; x_wconf 88' lang='lat' dir='ltr'>vel</span> <span class='ocrx_word' id='word_1_79' title='bbox 444 1157 491 1225; x_wconf 88' lang='grc'>111</span> <span class='ocrx_word' id='word_1_80' title='bbox 508 1160 592 1232; x_wconf 84' lang='grc'><strong>13,6</strong></span> <span class='ocrx_word' id='word_1_81' title='bbox 618 1157 832 1233; x_wconf 77' lang='lat' dir='ltr'>tempestatium</span> <span class='ocrx_word' id='word_1_82' title='bbox 850 1157 883 1230; x_wconf 87' lang='lat' dir='ltr'>h,</span> <span class='ocrx_word' id='word_1_83' title='bbox 907 1162 1110 1234; x_wconf 75' lang='lat' dir='ltr'>tempestatum</span> <span class='ocrx_word' id='word_1_84' title='bbox 1127 1157 1188 1216; x_wconf 76' lang='lat' dir='ltr'>rell,</span> <span class='ocrx_word' id='word_1_85' title='bbox 1229 1158 1306 1218; x_wconf 75' lang='lat' dir='ltr'>lilan-</span> 
     </span>
     <span class='ocr_line' id='line_1_11' title="bbox 186 1240 1305 1325; baseline 0.003 -21"><span class='ocrx_word' id='word_1_86' title='bbox 186 1247 256 1305; x_wconf 89' lang='lat' dir='ltr'>dem</span> <span class='ocrx_word' id='word_1_87' title='bbox 278 1247 314 1305; x_wconf 93' lang='lat' dir='ltr'>ob</span> <span class='ocrx_word' id='word_1_88' title='bbox 338 1264 457 1316; x_wconf 84' lang='lat' dir='ltr'>causam</span> <span class='ocrx_word' id='word_1_89' title='bbox 480 1247 587 1322; x_wconf 87' lang='lat' dir='ltr'>scripsi</span> <span class='ocrx_word' id='word_1_90' title='bbox 611 1240 1076 1322; x_wconf 41' lang='grc'><strong>1111281111111111111),</strong></span> <span class='ocrx_word' id='word_1_91' title='bbox 1099 1245 1131 1304; x_wconf 88' lang='grc'>11</span> <span class='ocrx_word' id='word_1_92' title='bbox 1154 1265 1221 1325; x_wconf 88' lang='lat' dir='ltr'>app.</span> <span class='ocrx_word' id='word_1_93' title='bbox 1241 1249 1305 1308; x_wconf 91' lang='lat' dir='ltr'>crit.</span> 
     </span>
     <span class='ocr_line' id='line_1_12' title="bbox 187 1333 1306 1409; baseline 0.001 -16"><span class='ocrx_word' id='word_1_94' title='bbox 187 1334 357 1393; x_wconf 79' lang='lat' dir='ltr'>diablintres</span> <span class='ocrx_word' id='word_1_95' title='bbox 380 1355 414 1409; x_wconf 89' lang='grc' dir='ltr'>α,</span> <span class='ocrx_word' id='word_1_96' title='bbox 438 1354 472 1394; x_wconf 90' lang='lat' dir='ltr'>ac</span> <span class='ocrx_word' id='word_1_97' title='bbox 495 1337 559 1401; x_wconf 88' lang='grc'><strong>11111</strong></span> <span class='ocrx_word' id='word_1_98' title='bbox 582 1334 654 1399; x_wconf 88' lang='lat' dir='ltr'>mihi</span> <span class='ocrx_word' id='word_1_99' title='bbox 673 1335 775 1392; x_wconf 83' lang='lat' dir='ltr'>videor</span> <span class='ocrx_word' id='word_1_100' title='bbox 793 1334 930 1403; x_wconf 86' lang='lat' dir='ltr'>omisisse</span> <span class='ocrx_word' id='word_1_101' title='bbox 947 1335 979 1392; x_wconf 87' lang='lat' dir='ltr'>in</span> <span class='ocrx_word' id='word_1_102' title='bbox 997 1351 1056 1393; x_wconf 86' lang='lat' dir='ltr'>uuo</span> <span class='ocrx_word' id='word_1_103' title='bbox 1074 1333 1151 1395; x_wconf 92' lang='lat' dir='ltr'>libro</span> <span class='ocrx_word' id='word_1_104' title='bbox 1169 1353 1188 1393; x_wconf 91' lang='lat' dir='ltr'>u</span> <span class='ocrx_word' id='word_1_105' title='bbox 1207 1354 1306 1394; x_wconf 89' lang='lat' dir='ltr'>errore</span> 
     </span>
     <span class='ocr_line' id='line_1_13' title="bbox 187 1421 1306 1500; baseline 0.002 -18"><span class='ocrx_word' id='word_1_106' title='bbox 187 1423 330 1499; x_wconf 89' lang='lat' dir='ltr'>scriptum</span> <span class='ocrx_word' id='word_1_107' title='bbox 351 1441 418 1483; x_wconf 88' lang='lat' dir='ltr'>esse</span> <span class='ocrx_word' id='word_1_108' title='bbox 437 1424 611 1500; x_wconf 71' lang='lat' dir='ltr'>diablintes,</span> <span class='ocrx_word' id='word_1_109' title='bbox 631 1423 701 1492; x_wconf 86' lang='lat' dir='ltr'>item</span> <span class='ocrx_word' id='word_1_110' title='bbox 720 1423 906 1500; x_wconf 58' lang='grc'><strong>14151111.</strong></span> <span class='ocrx_word' id='word_1_111' title='bbox 925 1423 989 1482; x_wconf 83' lang='lat' dir='ltr'>dixi</span> <span class='ocrx_word' id='word_1_112' title='bbox 1007 1422 1038 1494; x_wconf 84' lang='lat' dir='ltr'>iu</span> <span class='ocrx_word' id='word_1_113' title='bbox 1056 1421 1218 1499; x_wconf 73' lang='grc'><strong>1111111111</strong></span> <span class='ocrx_word' id='word_1_114' title='bbox 1237 1423 1306 1484; x_wconf 80' lang='lat' dir='ltr'>leuic</span> 
     </span>
     <span class='ocr_line' id='line_1_14' title="bbox 186 1511 1306 1588; baseline -0.002 -16"><span class='ocrx_word' id='word_1_115' title='bbox 186 1531 286 1572; x_wconf 82' lang='lat' dir='ltr'>cuescu·</span> <span class='ocrx_word' id='word_1_116' title='bbox 309 1513 416 1588; x_wconf 81' lang='lat' dir='ltr'>lepioni</span> <span class='ocrx_word' id='word_1_117' title='bbox 438 1513 616 1584; x_wconf 81' lang='lat' dir='ltr'>indulserat,</span> <span class='ocrx_word' id='word_1_118' title='bbox 645 1529 824 1588; x_wconf 89' lang='lat' dir='ltr'>quamquam</span> <span class='ocrx_word' id='word_1_119' title='bbox 852 1512 884 1569; x_wconf 92' lang='lat' dir='ltr'>iu</span> <span class='ocrx_word' id='word_1_120' title='bbox 911 1512 974 1571; x_wconf 90' lang='lat' dir='ltr'>cod.</span> <span class='ocrx_word' id='word_1_121' title='bbox 997 1512 1018 1587; x_wconf 85' lang='lat' dir='ltr'><strong><em>s</em></strong></span> <span class='ocrx_word' id='word_1_122' title='bbox 1039 1511 1148 1579; x_wconf 80' lang='lat' dir='ltr'>omissa</span> <span class='ocrx_word' id='word_1_123' title='bbox 1174 1516 1221 1573; x_wconf 84' lang='lat' dir='ltr'>est</span> <span class='ocrx_word' id='word_1_124' title='bbox 1247 1530 1306 1570; x_wconf 85' lang='lat' dir='ltr'>rox</span> 
     </span>
     <span class='ocr_line' id='line_1_15' title="bbox 186 1599 1306 1676; baseline -0.001 -14"><span class='ocrx_word' id='word_1_125' title='bbox 186 1620 293 1662; x_wconf 71' lang='lat' dir='ltr'>mesor.</span> <span class='ocrx_word' id='word_1_126' title='bbox 340 1601 398 1660; x_wconf 87' lang='lat' dir='ltr'>Sed</span> <span class='ocrx_word' id='word_1_127' title='bbox 421 1619 481 1659; x_wconf 92' lang='lat' dir='ltr'>non</span> <span class='ocrx_word' id='word_1_128' title='bbox 504 1600 590 1658; x_wconf 89' lang='lat' dir='ltr'>modo</span> <span class='ocrx_word' id='word_1_129' title='bbox 614 1600 798 1674; x_wconf 84' lang='lat' dir='ltr'>singulorum</span> <span class='ocrx_word' id='word_1_130' title='bbox 826 1599 961 1659; x_wconf 88' lang='lat' dir='ltr'>codicum</span> <span class='ocrx_word' id='word_1_131' title='bbox 984 1599 1168 1676; x_wconf 85' lang='lat' dir='ltr'>praetermisi</span> <span class='ocrx_word' id='word_1_132' title='bbox 1190 1601 1306 1675; x_wconf 88' lang='lat' dir='ltr'>menda,</span> 
     </span>
     <span class='ocr_line' id='line_1_16' title="bbox 188 1689 1306 1765; baseline 0.002 -17"><span class='ocrx_word' id='word_1_133' title='bbox 188 1709 291 1750; x_wconf 83' lang='lat' dir='ltr'>verum</span> <span class='ocrx_word' id='word_1_134' title='bbox 319 1691 408 1749; x_wconf 87' lang='lat' dir='ltr'>etiam</span> <span class='ocrx_word' id='word_1_135' title='bbox 431 1689 562 1765; x_wconf 83' lang='lat' dir='ltr'>plurium</span> <span class='ocrx_word' id='word_1_136' title='bbox 585 1694 701 1765; x_wconf 87' lang='lat' dir='ltr'>apertos</span> <span class='ocrx_word' id='word_1_137' title='bbox 729 1706 841 1747; x_wconf 90' lang='lat' dir='ltr'>errores</span> <span class='ocrx_word' id='word_1_138' title='bbox 869 1689 987 1747; x_wconf 87' lang='lat' dir='ltr'>silentio</span> <span class='ocrx_word' id='word_1_139' title='bbox 1014 1689 1132 1764; x_wconf 80' lang='grc'><strong>11111111,</strong></span> <span class='ocrx_word' id='word_1_140' title='bbox 1160 1695 1195 1749; x_wconf 90' lang='lat' dir='ltr'>ut</span> <span class='ocrx_word' id='word_1_141' title='bbox 1220 1689 1306 1763; x_wconf 78' lang='lat'>138,</span> 
     </span>
     <span class='ocr_line' id='line_1_17' title="bbox 190 1777 1307 1858; baseline 0 -21"><span class='ocrx_word' id='word_1_142' title='bbox 190 1781 228 1838; x_wconf 81' lang='lat'>15</span> <span class='ocrx_word' id='word_1_143' title='bbox 251 1797 293 1854; x_wconf 86' lang='lat' dir='ltr'>sq.</span> <span class='ocrx_word' id='word_1_144' title='bbox 327 1778 357 1836; x_wconf 91' lang='lat' dir='ltr'>iu</span> <span class='ocrx_word' id='word_1_145' title='bbox 385 1777 446 1858; x_wconf 67' lang='lat' dir='ltr'>pul</span> <span class='ocrx_word' id='word_1_146' title='bbox 473 1795 611 1853; x_wconf 88' lang='lat' dir='ltr'>perverse</span> <span class='ocrx_word' id='word_1_147' title='bbox 642 1777 785 1853; x_wconf 89' lang='lat' dir='ltr'>scriptum</span> <span class='ocrx_word' id='word_1_148' title='bbox 818 1795 884 1836; x_wconf 86' lang='lat' dir='ltr'>esse</span> <span class='ocrx_word' id='word_1_149' title='bbox 914 1779 1067 1836; x_wconf 77' lang='lat' dir='ltr'>nocturnis</span> <span class='ocrx_word' id='word_1_150' title='bbox 1099 1778 1307 1855; x_wconf 81' lang='lat' dir='ltr'>diuturnisque</span> 
     </span>
     <span class='ocr_line' id='line_1_18' title="bbox 187 1865 1306 1943; baseline 0.001 -18"><span class='ocrx_word' id='word_1_151' title='bbox 187 1867 355 1939; x_wconf 54' lang='lat' dir='ltr'>itineribus</span> <span class='ocrx_word' id='word_1_152' title='bbox 379 1866 578 1940; x_wconf 81' lang='grc'><strong>111114,27</strong></span> <span class='ocrx_word' id='word_1_153' title='bbox 604 1885 672 1924; x_wconf 90' lang='lat' dir='ltr'>eum</span> <span class='ocrx_word' id='word_1_154' title='bbox 694 1868 836 1942; x_wconf 89' lang='lat' dir='ltr'>populum</span> <span class='ocrx_word' id='word_1_155' title='bbox 865 1866 916 1943; x_wconf 91' lang='lat' dir='ltr'>qui</span> <span class='ocrx_word' id='word_1_156' title='bbox 943 1865 1067 1943; x_wconf 88' lang='lat' dir='ltr'>reliquis</span> <span class='ocrx_word' id='word_1_157' title='bbox 1089 1867 1163 1926; x_wconf 86' lang='lat' dir='ltr'>locis</span> <span class='ocrx_word' id='word_1_158' title='bbox 1190 1867 1222 1925; x_wconf 91' lang='lat' dir='ltr'>iu</span> <span class='ocrx_word' id='word_1_159' title='bbox 1245 1885 1306 1934; x_wconf 90' lang='lat' dir='ltr'>orn·</span> 
     </span>
     <span class='ocr_line' id='line_1_19' title="bbox 188 1954 1307 2037; baseline 0.001 -23"><span class='ocrx_word' id='word_1_160' title='bbox 188 1957 275 2014; x_wconf 89' lang='lat' dir='ltr'>nibus</span> <span class='ocrx_word' id='word_1_161' title='bbox 298 1954 382 2025; x_wconf 85' lang='lat' dir='ltr'>libris</span> <span class='ocrx_word' id='word_1_162' title='bbox 405 1955 571 2031; x_wconf 87' lang='lat' dir='ltr'>appellatur</span> <span class='ocrx_word' id='word_1_163' title='bbox 592 1954 707 2015; x_wconf 86' lang='lat' dir='ltr'>Morini</span> <span class='ocrx_word' id='word_1_164' title='bbox 732 1955 764 2013; x_wconf 89' lang='lat' dir='ltr'>in</span> <span class='ocrx_word' id='word_1_165' title='bbox 788 1973 814 2037; x_wconf 83' lang='grc' dir='ltr'><em>φ</em></span> <span class='ocrx_word' id='word_1_166' title='bbox 837 1955 895 2014; x_wconf 92' lang='lat' dir='ltr'>dici</span> <span class='ocrx_word' id='word_1_167' title='bbox 914 1974 1058 2017; x_wconf 85' lang='lat' dir='ltr'>morenos.</span> <span class='ocrx_word' id='word_1_168' title='bbox 1101 1958 1198 2035; x_wconf 83' lang='lat' dir='ltr'>Atque</span> <span class='ocrx_word' id='word_1_169' title='bbox 1218 1956 1307 2022; x_wconf 86' lang='lat' dir='ltr'>etiam</span> 
     </span>
     <span class='ocr_line' id='line_1_20' title="bbox 188 2043 1306 2120; baseline -0.001 -17"><span class='ocrx_word' id='word_1_170' title='bbox 188 2062 265 2120; x_wconf 87' lang='lat' dir='ltr'>quae</span> <span class='ocrx_word' id='word_1_171' title='bbox 287 2062 408 2119; x_wconf 89' lang='lat' dir='ltr'>prorsus</span> <span class='ocrx_word' id='word_1_172' title='bbox 431 2043 548 2103; x_wconf 90' lang='lat' dir='ltr'>inutilia</span> <span class='ocrx_word' id='word_1_173' title='bbox 571 2049 641 2102; x_wconf 89' lang='lat' dir='ltr'>sunt</span> <span class='ocrx_word' id='word_1_174' title='bbox 663 2045 798 2114; x_wconf 84' lang='lat' dir='ltr'>consulto</span> <span class='ocrx_word' id='word_1_175' title='bbox 821 2044 997 2120; x_wconf 85' lang='lat' dir='ltr'>plerumque</span> <span class='ocrx_word' id='word_1_176' title='bbox 1019 2045 1169 2120; x_wconf 90' lang='lat' dir='ltr'>praeterii,</span> <span class='ocrx_word' id='word_1_177' title='bbox 1198 2050 1231 2105; x_wconf 90' lang='lat' dir='ltr'>ut</span> <span class='ocrx_word' id='word_1_178' title='bbox 1253 2045 1306 2118; x_wconf 86' lang='lat' dir='ltr'>bii,</span> 
     </span>
     <span class='ocr_line' id='line_1_21' title="bbox 189 2132 1306 2208; baseline -0.002 -14"><span class='ocrx_word' id='word_1_179' title='bbox 189 2133 249 2195; x_wconf 79' lang='lat' dir='ltr'>hiis</span> <span class='ocrx_word' id='word_1_180' title='bbox 277 2133 324 2207; x_wconf 84' lang='lat' dir='ltr'>(cf.</span> <span class='ocrx_word' id='word_1_181' title='bbox 349 2133 443 2204; x_wconf 83' lang='lat' dir='ltr'>V52,</span> <span class='ocrx_word' id='word_1_182' title='bbox 462 2135 487 2202; x_wconf 84' lang='lat' dir='ltr'>V,</span> <span class='ocrx_word' id='word_1_183' title='bbox 516 2133 567 2204; x_wconf 85' lang='lat' dir='ltr'>ubi</span> <span class='ocrx_word' id='word_1_184' title='bbox 594 2133 729 2191; x_wconf 88' lang='lat' dir='ltr'>consulto</span> <span class='ocrx_word' id='word_1_185' title='bbox 761 2151 820 2192; x_wconf 91' lang='lat' dir='ltr'>non</span> <span class='ocrx_word' id='word_1_186' title='bbox 847 2133 948 2201; x_wconf 85' lang='lat' dir='ltr'>addidi</span> <span class='ocrx_word' id='word_1_187' title='bbox 980 2133 1012 2191; x_wconf 90' lang='lat' dir='ltr'>in</span> <span class='ocrx_word' id='word_1_188' title='bbox 1044 2134 1068 2202; x_wconf 79' lang='lat' dir='ltr'><em>Q</em></span> <span class='ocrx_word' id='word_1_189' title='bbox 1099 2139 1200 2192; x_wconf 82' lang='lat' dir='ltr'>extare</span> <span class='ocrx_word' id='word_1_190' title='bbox 1225 2132 1306 2208; x_wconf 80' lang='lat' dir='ltr'>hiis).</span> 
     </span>
     <span class='ocr_line' id='line_1_22' title="bbox 187 2222 1308 2298; baseline -0.002 -15"><span class='ocrx_word' id='word_1_191' title='bbox 187 2222 224 2283; x_wconf 87' lang='lat' dir='ltr'>In</span> <span class='ocrx_word' id='word_1_192' title='bbox 252 2222 314 2280; x_wconf 90' lang='lat' dir='ltr'>cod.</span> <span class='ocrx_word' id='word_1_193' title='bbox 342 2223 362 2297; x_wconf 86' lang='lat' dir='ltr'><em>f</em></span> <span class='ocrx_word' id='word_1_194' title='bbox 388 2240 447 2280; x_wconf 91' lang='lat' dir='ltr'>non</span> <span class='ocrx_word' id='word_1_195' title='bbox 474 2240 538 2280; x_wconf 87' lang='lat' dir='ltr'>raro</span> <span class='ocrx_word' id='word_1_196' title='bbox 571 2240 653 2285; x_wconf 87' lang='lat' dir='ltr'>erasa</span> <span class='ocrx_word' id='word_1_197' title='bbox 685 2228 755 2281; x_wconf 86' lang='lat' dir='ltr'>sunt</span> <span class='ocrx_word' id='word_1_198' title='bbox 782 2240 816 2285; x_wconf 87' lang='lat' dir='ltr'>ea</span> <span class='ocrx_word' id='word_1_199' title='bbox 852 2239 927 2298; x_wconf 88' lang='lat' dir='ltr'>quae</span> <span class='ocrx_word' id='word_1_200' title='bbox 959 2223 1054 2298; x_wconf 85' lang='lat' dir='ltr'>prima</span> <span class='ocrx_word' id='word_1_201' title='bbox 1077 2241 1166 2281; x_wconf 90' lang='lat' dir='ltr'>manu</span> <span class='ocrx_word' id='word_1_202' title='bbox 1198 2222 1308 2298; x_wconf 82' lang='lat' dir='ltr'>scripta</span> 
     </span>
     <span class='ocr_line' id='line_1_23' title="bbox 188 2310 1308 2388; baseline 0 -19"><span class='ocrx_word' id='word_1_203' title='bbox 188 2316 285 2381; x_wconf 88' lang='lat' dir='ltr'>crant,</span> <span class='ocrx_word' id='word_1_204' title='bbox 314 2311 443 2370; x_wconf 89' lang='lat' dir='ltr'>secunda</span> <span class='ocrx_word' id='word_1_205' title='bbox 470 2330 559 2381; x_wconf 88' lang='lat' dir='ltr'>manu</span> <span class='ocrx_word' id='word_1_206' title='bbox 586 2310 696 2370; x_wconf 87' lang='lat' dir='ltr'>inserta</span> <span class='ocrx_word' id='word_1_207' title='bbox 725 2317 795 2370; x_wconf 88' lang='lat' dir='ltr'>sunt</span> <span class='ocrx_word' id='word_1_208' title='bbox 822 2315 922 2388; x_wconf 88' lang='lat' dir='ltr'>aperte</span> <span class='ocrx_word' id='word_1_209' title='bbox 948 2311 1023 2370; x_wconf 85' lang='lat' dir='ltr'>falsa</span> <span class='ocrx_word' id='word_1_210' title='bbox 1050 2312 1098 2370; x_wconf 85' lang='lat' dir='ltr'>vel</span> <span class='ocrx_word' id='word_1_211' title='bbox 1126 2311 1213 2387; x_wconf 90' lang='lat' dir='ltr'>plane</span> <span class='ocrx_word' id='word_1_212' title='bbox 1241 2329 1308 2386; x_wconf 55' lang='lat' dir='ltr'>pere</span> 
     </span>
     <span class='ocr_line' id='line_1_24' title="bbox 188 2399 1308 2475; baseline 0.003 -19"><span class='ocrx_word' id='word_1_213' title='bbox 188 2418 286 2475; x_wconf 72' lang='lat' dir='ltr'>versa,</span> <span class='ocrx_word' id='word_1_214' title='bbox 311 2401 347 2458; x_wconf 87' lang='lat' dir='ltr'>cf.</span> <span class='ocrx_word' id='word_1_215' title='bbox 372 2399 419 2468; x_wconf 84' lang='lat' dir='ltr'>III</span> <span class='ocrx_word' id='word_1_216' title='bbox 436 2401 485 2473; x_wconf 87' lang='grc'>13,</span> <span class='ocrx_word' id='word_1_217' title='bbox 502 2403 530 2474; x_wconf 87' lang='grc'>8,</span> <span class='ocrx_word' id='word_1_218' title='bbox 559 2399 608 2458; x_wconf 91' lang='lat' dir='ltr'>ubi</span> <span class='ocrx_word' id='word_1_219' title='bbox 632 2401 663 2457; x_wconf 92' lang='grc'>11</span> <span class='ocrx_word' id='word_1_220' title='bbox 686 2400 736 2458; x_wconf 84' lang='lat' dir='ltr'>uhi</span> <span class='ocrx_word' id='word_1_221' title='bbox 757 2405 837 2461; x_wconf 89' lang='lat' dir='ltr'>recto</span> <span class='ocrx_word' id='word_1_222' title='bbox 860 2400 1003 2475; x_wconf 89' lang='lat' dir='ltr'>scriptum</span> <span class='ocrx_word' id='word_1_223' title='bbox 1030 2406 1077 2459; x_wconf 89' lang='lat' dir='ltr'>est</span> <span class='ocrx_word' id='word_1_224' title='bbox 1099 2417 1135 2459; x_wconf 81' lang='lat' dir='ltr'>en</span> <span class='ocrx_word' id='word_1_225' title='bbox 1151 2399 1308 2475; x_wconf 81' lang='lat' dir='ltr'>pedulibus</span> 
     </span>
     <span class='ocr_line' id='line_1_25' title="bbox 190 2488 1307 2564; baseline -0.001 -18"><span class='ocrx_word' id='word_1_226' title='bbox 190 2535 218 2548; x_wconf 91' lang='lat'>..</span> <span class='ocrx_word' id='word_1_227' title='bbox 243 2489 383 2562; x_wconf 53' lang='lat' dir='ltr'>trudibus</span> <span class='ocrx_word' id='word_1_228' title='bbox 408 2489 439 2546; x_wconf 91' lang='lat' dir='ltr'>iu</span> <span class='ocrx_word' id='word_1_229' title='bbox 453 2489 515 2547; x_wconf 92' lang='lat' dir='ltr'>cod.</span> <span class='ocrx_word' id='word_1_230' title='bbox 532 2489 553 2563; x_wconf 84' lang='lat' dir='ltr'><em>f</em></span> <span class='ocrx_word' id='word_1_231' title='bbox 563 2489 594 2547; x_wconf 88' lang='grc'>11</span> <span class='ocrx_word' id='word_1_232' title='bbox 608 2506 709 2547; x_wconf 88' lang='lat' dir='ltr'>rasura</span> <span class='ocrx_word' id='word_1_233' title='bbox 726 2507 806 2546; x_wconf 90' lang='lat' dir='ltr'>nuuc</span> <span class='ocrx_word' id='word_1_234' title='bbox 825 2495 871 2546; x_wconf 90' lang='lat' dir='ltr'>est</span> <span class='ocrx_word' id='word_1_235' title='bbox 893 2489 1093 2564; x_wconf 82' lang='lat' dir='ltr'>senpeduiibus</span> <span class='ocrx_word' id='word_1_236' title='bbox 1116 2533 1144 2546; x_wconf 92' lang='lat'>..</span> <span class='ocrx_word' id='word_1_237' title='bbox 1169 2488 1307 2561; x_wconf 84' lang='lat' dir='ltr'>trabibus,</span> 
     </span>
     <span class='ocr_line' id='line_1_26' title="bbox 189 2575 1306 2653; baseline -0.002 -17"><span class='ocrx_word' id='word_1_238' title='bbox 189 2583 219 2636; x_wconf 88' lang='lat' dir='ltr'>et</span> <span class='ocrx_word' id='word_1_239' title='bbox 246 2577 391 2651; x_wconf 83' lang='lat' dir='ltr'>V13,1,</span> <span class='ocrx_word' id='word_1_240' title='bbox 419 2578 469 2637; x_wconf 88' lang='lat' dir='ltr'>ubi</span> <span class='ocrx_word' id='word_1_241' title='bbox 497 2577 528 2634; x_wconf 91' lang='lat' dir='ltr'>in</span> <span class='ocrx_word' id='word_1_242' title='bbox 556 2576 578 2652; x_wconf 66' lang='lat' dir='ltr'>pi</span> <span class='ocrx_word' id='word_1_243' title='bbox 608 2582 654 2649; x_wconf 81' lang='lat' dir='ltr'>est</span> <span class='ocrx_word' id='word_1_244' title='bbox 681 2577 826 2652; x_wconf 82' lang='lat' dir='ltr'>triquetro</span> <span class='ocrx_word' id='word_1_245' title='bbox 856 2578 905 2636; x_wconf 91' lang='lat' dir='ltr'>vel</span> <span class='ocrx_word' id='word_1_246' title='bbox 936 2577 1100 2653; x_wconf 80' lang='lat' dir='ltr'>triquadro,</span> <span class='ocrx_word' id='word_1_247' title='bbox 1128 2577 1160 2635; x_wconf 91' lang='lat' dir='ltr'>iu</span> <span class='ocrx_word' id='word_1_248' title='bbox 1186 2575 1207 2651; x_wconf 70' lang='lat' dir='ltr'><em>f</em></span> <span class='ocrx_word' id='word_1_249' title='bbox 1229 2579 1306 2635; x_wconf 81' lang='lat' dir='ltr'>1n.2</span> 
     </span>
     <span class='ocr_line' id='line_1_27' title="bbox 194 2666 1311 2742; baseline -0.001 -17"><span class='ocrx_word' id='word_1_250' title='bbox 194 2666 347 2742; x_wconf 75' lang='lat' dir='ltr'>tripertito.</span> <span class='ocrx_word' id='word_1_251' title='bbox 373 2699 414 2708; x_wconf 71' lang='lat'>›-</span> <span class='ocrx_word' id='word_1_252' title='bbox 442 2666 486 2724; x_wconf 81' lang='lat' dir='ltr'>Ea</span> <span class='ocrx_word' id='word_1_253' title='bbox 508 2683 624 2742; x_wconf 88' lang='lat' dir='ltr'>quoque</span> <span class='ocrx_word' id='word_1_254' title='bbox 651 2684 727 2742; x_wconf 88' lang='lat' dir='ltr'>quae</span> <span class='ocrx_word' id='word_1_255' title='bbox 754 2666 792 2737; x_wconf 86' lang='lat' dir='ltr'>ad</span> <span class='ocrx_word' id='word_1_256' title='bbox 814 2667 1051 2742; x_wconf 83' lang='lat' dir='ltr'>orthographiam</span> <span class='ocrx_word' id='word_1_257' title='bbox 1074 2667 1221 2741; x_wconf 86' lang='lat' dir='ltr'>pertinent</span> <span class='ocrx_word' id='word_1_258' title='bbox 1248 2666 1311 2724; x_wconf 85' lang='lat' dir='ltr'>lere</span> 
     </span>
     <span class='ocr_line' id='line_1_28' title="bbox 189 2753 1309 2830; baseline -0.004 -13"><span class='ocrx_word' id='word_1_259' title='bbox 189 2755 286 2817; x_wconf 87' lang='lat' dir='ltr'>omnia</span> <span class='ocrx_word' id='word_1_260' title='bbox 309 2756 346 2814; x_wconf 89' lang='lat' dir='ltr'>de</span> <span class='ocrx_word' id='word_1_261' title='bbox 368 2754 513 2813; x_wconf 87' lang='lat' dir='ltr'>industria</span> <span class='ocrx_word' id='word_1_262' title='bbox 536 2753 654 2812; x_wconf 88' lang='lat' dir='ltr'>silentio</span> <span class='ocrx_word' id='word_1_263' title='bbox 677 2755 827 2830; x_wconf 87' lang='lat' dir='ltr'>praeterii:</span> <span class='ocrx_word' id='word_1_264' title='bbox 852 2773 912 2813; x_wconf 92' lang='lat' dir='ltr'>non</span> <span class='ocrx_word' id='word_1_265' title='bbox 935 2755 1020 2814; x_wconf 90' lang='lat' dir='ltr'>attuli</span> <span class='ocrx_word' id='word_1_266' title='bbox 1045 2755 1075 2812; x_wconf 90' lang='lat' dir='ltr'>in</span> <span class='ocrx_word' id='word_1_267' title='bbox 1094 2754 1116 2830; x_wconf 75' lang='grc' dir='ltr'>β</span> <span class='ocrx_word' id='word_1_268' title='bbox 1134 2755 1309 2830; x_wconf 88' lang='lat' dir='ltr'>plerumque</span> 
     </span>
     <span class='ocr_line' id='line_1_29' title="bbox 190 2843 1309 2920; baseline -0.002 -17"><span class='ocrx_word' id='word_1_269' title='bbox 190 2849 290 2903; x_wconf 83' lang='lat' dir='ltr'>extare</span> <span class='ocrx_word' id='word_1_270' title='bbox 313 2845 429 2917; x_wconf 38' lang='lat' dir='ltr'>reficere,</span> <span class='ocrx_word' id='word_1_271' title='bbox 457 2862 515 2903; x_wconf 91' lang='lat' dir='ltr'>nou</span> <span class='ocrx_word' id='word_1_272' title='bbox 539 2843 762 2902; x_wconf 86' lang='lat' dir='ltr'>commemoravi</span> <span class='ocrx_word' id='word_1_273' title='bbox 790 2845 821 2900; x_wconf 92' lang='grc'>111</span> <span class='ocrx_word' id='word_1_274' title='bbox 845 2844 953 2920; x_wconf 87' lang='lat' dir='ltr'>quibus</span> <span class='ocrx_word' id='word_1_275' title='bbox 974 2843 1123 2902; x_wconf 79' lang='lat' dir='ltr'>codicibus</span> <span class='ocrx_word' id='word_1_276' title='bbox 1141 2843 1309 2903; x_wconf 80' lang='lat' dir='ltr'>inveniatur</span> 
     </span>
     <span class='ocr_line' id='line_1_30' title="bbox 189 2932 1308 3008; baseline -0.001 -18"><span class='ocrx_word' id='word_1_277' title='bbox 189 2933 374 3002; x_wconf 81' lang='lat' dir='ltr'>inmortales,</span> <span class='ocrx_word' id='word_1_278' title='bbox 398 2933 586 3007; x_wconf 77' lang='lat' dir='ltr'>udrnpnntiu,</span> <span class='ocrx_word' id='word_1_279' title='bbox 609 2932 758 3004; x_wconf 62' lang='lat' dir='ltr'>condono,</span> <span class='ocrx_word' id='word_1_280' title='bbox 782 2932 923 3008; x_wconf 70' lang='lat' dir='ltr'>hyberna,</span> <span class='ocrx_word' id='word_1_281' title='bbox 946 2932 1051 3002; x_wconf 83' lang='lat' dir='ltr'>rhemi,</span> <span class='ocrx_word' id='word_1_282' title='bbox 1075 2933 1155 3004; x_wconf 78' lang='lat' dir='ltr'>haret,</span> <span class='ocrx_word' id='word_1_283' title='bbox 1175 2933 1308 3006; x_wconf 76' lang='lat' dir='ltr'>reliquid,</span> 
     </span>
     <span class='ocr_line' id='line_1_31' title="bbox 190 3020 1310 3096; baseline 0 -18"><span class='ocrx_word' id='word_1_284' title='bbox 190 3024 303 3093; x_wconf 82' lang='lat' dir='ltr'>curnis,</span> <span class='ocrx_word' id='word_1_285' title='bbox 327 3021 427 3094; x_wconf 78' lang='lat' dir='ltr'>colpe,</span> <span class='ocrx_word' id='word_1_286' title='bbox 456 3022 549 3081; x_wconf 89' lang='lat' dir='ltr'>multa</span> <span class='ocrx_word' id='word_1_287' title='bbox 573 3022 631 3091; x_wconf 86' lang='lat' dir='ltr'>alia</span> <span class='ocrx_word' id='word_1_288' title='bbox 657 3021 689 3081; x_wconf 91' lang='lat' dir='ltr'>id</span> <span class='ocrx_word' id='word_1_289' title='bbox 712 3040 820 3096; x_wconf 84' lang='lat' dir='ltr'>genus,</span> <span class='ocrx_word' id='word_1_290' title='bbox 847 3022 964 3092; x_wconf 87' lang='lat' dir='ltr'>tametsi</span> <span class='ocrx_word' id='word_1_291' title='bbox 993 3021 1149 3096; x_wconf 82' lang='lat' dir='ltr'>diligenter</span> <span class='ocrx_word' id='word_1_292' title='bbox 1176 3020 1310 3095; x_wconf 82' lang='lat' dir='ltr'>excriptn</span> 
     </span>
     <span class='ocr_line' id='line_1_32' title="bbox 191 3109 1309 3187; baseline 0 -19"><span class='ocrx_word' id='word_1_293' title='bbox 191 3128 229 3168; x_wconf 84' lang='lat' dir='ltr'>ex</span> <span class='ocrx_word' id='word_1_294' title='bbox 257 3109 406 3167; x_wconf 76' lang='lat' dir='ltr'>codicibus</span> <span class='ocrx_word' id='word_1_295' title='bbox 438 3109 510 3167; x_wconf 88' lang='lat' dir='ltr'>haec</span> <span class='ocrx_word' id='word_1_296' title='bbox 542 3110 638 3181; x_wconf 88' lang='lat' dir='ltr'>omnia</span> <span class='ocrx_word' id='word_1_297' title='bbox 670 3112 769 3170; x_wconf 87' lang='lat' dir='ltr'>habeo.</span> <span class='ocrx_word' id='word_1_298' title='bbox 820 3111 876 3169; x_wconf 92' lang='lat' dir='ltr'>Ubi</span> <span class='ocrx_word' id='word_1_299' title='bbox 904 3116 1039 3187; x_wconf 87' lang='lat' dir='ltr'>pugnant</span> <span class='ocrx_word' id='word_1_300' title='bbox 1071 3127 1105 3170; x_wconf 89' lang='lat' dir='ltr'>ea</span> <span class='ocrx_word' id='word_1_301' title='bbox 1142 3127 1217 3186; x_wconf 86' lang='lat' dir='ltr'>quae</span> <span class='ocrx_word' id='word_1_302' title='bbox 1244 3110 1309 3185; x_wconf 88' lang='lat' dir='ltr'>ipso</span> 
     </span>
     <span class='ocr_line' id='line_1_33' title="bbox 190 3188 1309 3278; baseline 0.003 -23"><span class='ocrx_word' id='word_1_303' title='bbox 190 3198 306 3274; x_wconf 83' lang='lat' dir='ltr'>profero</span> <span class='ocrx_word' id='word_1_304' title='bbox 343 3216 412 3256; x_wconf 91' lang='lat' dir='ltr'>cum</span> <span class='ocrx_word' id='word_1_305' title='bbox 447 3188 485 3255; x_wconf 89' lang='lat' dir='ltr'>iis</span> <span class='ocrx_word' id='word_1_306' title='bbox 522 3217 597 3273; x_wconf 88' lang='lat' dir='ltr'>quae</span> <span class='ocrx_word' id='word_1_307' title='bbox 629 3200 665 3261; x_wconf 90' lang='lat' dir='ltr'>ab</span> <span class='ocrx_word' id='word_1_308' title='bbox 698 3200 765 3258; x_wconf 91' lang='lat' dir='ltr'>aliis</span> <span class='ocrx_word' id='word_1_309' title='bbox 797 3200 957 3258; x_wconf 85' lang='lat' dir='ltr'>editoribus</span> <span class='ocrx_word' id='word_1_310' title='bbox 985 3207 1202 3278; x_wconf 80' lang='lat' dir='ltr'>proponuntur,</span> <span class='ocrx_word' id='word_1_311' title='bbox 1235 3199 1309 3258; x_wconf 78' lang='lat' dir='ltr'>ineis</span> 
     </span>
     <span class='ocr_line' id='line_1_34' title="bbox 191 3286 1309 3365; baseline 0.002 -22"><span class='ocrx_word' id='word_1_312' title='bbox 191 3287 289 3344; x_wconf 86' lang='lat' dir='ltr'>verbis</span> <span class='ocrx_word' id='word_1_313' title='bbox 316 3287 391 3344; x_wconf 86' lang='lat' dir='ltr'>fides</span> <span class='ocrx_word' id='word_1_314' title='bbox 419 3286 551 3353; x_wconf 87' lang='lat' dir='ltr'>habenda</span> <span class='ocrx_word' id='word_1_315' title='bbox 579 3293 624 3345; x_wconf 89' lang='lat' dir='ltr'>est</span> <span class='ocrx_word' id='word_1_316' title='bbox 655 3287 686 3346; x_wconf 92' lang='grc'>11</span> <span class='ocrx_word' id='word_1_317' title='bbox 714 3288 849 3349; x_wconf 89' lang='lat' dir='ltr'>omnibus</span> <span class='ocrx_word' id='word_1_318' title='bbox 876 3288 913 3346; x_wconf 89' lang='lat' dir='ltr'>iis</span> <span class='ocrx_word' id='word_1_319' title='bbox 946 3308 1021 3364; x_wconf 88' lang='lat' dir='ltr'>qnae</span> <span class='ocrx_word' id='word_1_320' title='bbox 1047 3290 1111 3365; x_wconf 89' lang='lat' dir='ltr'>ipse</span> <span class='ocrx_word' id='word_1_321' title='bbox 1138 3290 1212 3364; x_wconf 74' lang='lat' dir='ltr'>ridi,</span> <span class='ocrx_word' id='word_1_322' title='bbox 1241 3307 1309 3346; x_wconf 87' lang='lat' dir='ltr'>narn</span> 
     </span>
     <span class='ocr_line' id='line_1_35' title="bbox 191 3375 1309 3451; baseline -0.001 -18"><span class='ocrx_word' id='word_1_323' title='bbox 191 3375 371 3451; x_wconf 88' lang='lat' dir='ltr'>ubicumque</span> <span class='ocrx_word' id='word_1_324' title='bbox 394 3392 526 3450; x_wconf 86' lang='lat' dir='ltr'>eaquae</span> <span class='ocrx_word' id='word_1_325' title='bbox 549 3375 613 3449; x_wconf 86' lang='lat' dir='ltr'>ipse</span> <span class='ocrx_word' id='word_1_326' title='bbox 636 3376 746 3434; x_wconf 86' lang='lat' dir='ltr'>vidisse</span> <span class='ocrx_word' id='word_1_327' title='bbox 773 3376 846 3447; x_wconf 91' lang='lat' dir='ltr'>mihi</span> <span class='ocrx_word' id='word_1_328' title='bbox 869 3377 952 3435; x_wconf 86' lang='lat' dir='ltr'>visus</span> <span class='ocrx_word' id='word_1_329' title='bbox 975 3395 1053 3435; x_wconf 88' lang='lat' dir='ltr'>eram</span> <span class='ocrx_word' id='word_1_330' title='bbox 1077 3377 1243 3449; x_wconf 76' lang='lat' dir='ltr'>discrepare</span> <span class='ocrx_word' id='word_1_331' title='bbox 1266 3377 1309 3432; x_wconf 83' lang='lat' dir='ltr'>ri-</span> 
     </span>
     <span class='ocr_line' id='line_1_36' title="bbox 191 3462 1309 3539; baseline -0.002 -17"><span class='ocrx_word' id='word_1_332' title='bbox 191 3465 292 3522; x_wconf 88' lang='lat' dir='ltr'>deram</span> <span class='ocrx_word' id='word_1_333' title='bbox 314 3465 351 3522; x_wconf 89' lang='lat' dir='ltr'>ab</span> <span class='ocrx_word' id='word_1_334' title='bbox 374 3464 411 3522; x_wconf 92' lang='lat' dir='ltr'>iis</span> <span class='ocrx_word' id='word_1_335' title='bbox 435 3481 511 3539; x_wconf 81' lang='lat' dir='ltr'>qrrae</span> <span class='ocrx_word' id='word_1_336' title='bbox 537 3464 573 3531; x_wconf 88' lang='lat' dir='ltr'>ab</span> <span class='ocrx_word' id='word_1_337' title='bbox 601 3463 667 3522; x_wconf 89' lang='lat' dir='ltr'>aliis</span> <span class='ocrx_word' id='word_1_338' title='bbox 691 3471 968 3538; x_wconf 88' lang='lat' dir='ltr'>commemorantur,</span> <span class='ocrx_word' id='word_1_339' title='bbox 996 3465 1128 3524; x_wconf 88' lang='lat' dir='ltr'>codicem</span> <span class='ocrx_word' id='word_1_340' title='bbox 1147 3462 1241 3520; x_wconf 88' lang='lat' dir='ltr'>denuo</span> <span class='ocrx_word' id='word_1_341' title='bbox 1265 3464 1309 3520; x_wconf 89' lang='lat' dir='ltr'>iu·</span> 
     </span>
     <span class='ocr_line' id='line_1_37' title="bbox 192 3549 1308 3631; baseline -0.004 -19"><span class='ocrx_word' id='word_1_342' title='bbox 192 3553 290 3631; x_wconf 85' lang='lat' dir='ltr'>spexi;</span> <span class='ocrx_word' id='word_1_343' title='bbox 319 3571 378 3610; x_wconf 89' lang='lat' dir='ltr'>nou</span> <span class='ocrx_word' id='word_1_344' title='bbox 406 3570 569 3629; x_wconf 82' lang='lat' dir='ltr'>numquam</span> <span class='ocrx_word' id='word_1_345' title='bbox 596 3552 705 3610; x_wconf 86' lang='lat' dir='ltr'>diserte</span> <span class='ocrx_word' id='word_1_346' title='bbox 732 3552 795 3622; x_wconf 85' lang='lat' dir='ltr'>dixi</span> <span class='ocrx_word' id='word_1_347' title='bbox 823 3554 967 3628; x_wconf 88' lang='lat' dir='ltr'>quomodo</span> <span class='ocrx_word' id='word_1_348' title='bbox 994 3570 1042 3615; x_wconf 86' lang='lat' dir='ltr'>res</span> <span class='ocrx_word' id='word_1_349' title='bbox 1070 3567 1102 3610; x_wconf 83' lang='lat' dir='ltr'>se</span> <span class='ocrx_word' id='word_1_350' title='bbox 1129 3549 1247 3621; x_wconf 88' lang='lat' dir='ltr'>habeat,</span> <span class='ocrx_word' id='word_1_351' title='bbox 1275 3559 1308 3607; x_wconf 88' lang='grc'>111</span> 
     </span>
     <span class='ocr_line' id='line_1_38' title="bbox 192 3637 1310 3718; baseline -0.001 -22"><span class='ocrx_word' id='word_1_352' title='bbox 192 3641 220 3696; x_wconf 93' lang='lat' dir='ltr'>V</span> <span class='ocrx_word' id='word_1_353' title='bbox 235 3644 286 3715; x_wconf 82' lang='grc'>41,</span> <span class='ocrx_word' id='word_1_354' title='bbox 304 3643 343 3701; x_wconf 85' lang='grc'>10</span> <span class='ocrx_word' id='word_1_355' title='bbox 369 3642 438 3718; x_wconf 82' lang='lat' dir='ltr'>(que</span> <span class='ocrx_word' id='word_1_356' title='bbox 461 3660 517 3699; x_wconf 85' lang='lat' dir='ltr'>orn.</span> <span class='ocrx_word' id='word_1_357' title='bbox 543 3641 600 3718; x_wconf 71' lang='lat' dir='ltr'>ul),</span> <span class='ocrx_word' id='word_1_358' title='bbox 624 3641 784 3714; x_wconf 71' lang='grc'><strong>141113</strong></span> <span class='ocrx_word' id='word_1_359' title='bbox 810 3642 977 3716; x_wconf 78' lang='lat' dir='ltr'>(consilium</span> <span class='ocrx_word' id='word_1_360' title='bbox 997 3641 1052 3717; x_wconf 88' lang='lat' dir='ltr'>X).</span> <span class='ocrx_word' id='word_1_361' title='bbox 1089 3637 1190 3697; x_wconf 93' lang='lat' dir='ltr'>Nihilo</span> <span class='ocrx_word' id='word_1_362' title='bbox 1211 3638 1310 3695; x_wconf 88' lang='lat' dir='ltr'>minus</span> 
     </span>
     <span class='ocr_line' id='line_1_39' title="bbox 193 3727 1310 3807; baseline -0.005 -20"><span class='ocrx_word' id='word_1_363' title='bbox 193 3749 252 3788; x_wconf 91' lang='lat' dir='ltr'>non</span> <span class='ocrx_word' id='word_1_364' title='bbox 284 3731 385 3791; x_wconf 88' lang='lat' dir='ltr'>dubito</span> <span class='ocrx_word' id='word_1_365' title='bbox 422 3731 495 3807; x_wconf 91' lang='lat' dir='ltr'>quin</span> <span class='ocrx_word' id='word_1_366' title='bbox 526 3747 585 3801; x_wconf 86' lang='lat' dir='ltr'>non</span> <span class='ocrx_word' id='word_1_367' title='bbox 617 3730 700 3793; x_wconf 83' lang='grc'><strong>1111111</strong></span> <span class='ocrx_word' id='word_1_368' title='bbox 733 3730 764 3786; x_wconf 90' lang='grc'>11</span> <span class='ocrx_word' id='word_1_369' title='bbox 797 3749 830 3790; x_wconf 93' lang='lat' dir='ltr'>eo</span> <span class='ocrx_word' id='word_1_370' title='bbox 862 3729 1050 3807; x_wconf 89' lang='lat' dir='ltr'>potissimum</span> <span class='ocrx_word' id='word_1_371' title='bbox 1086 3727 1187 3786; x_wconf 90' lang='lat' dir='ltr'>codice</span> <span class='ocrx_word' id='word_1_372' title='bbox 1223 3743 1310 3800; x_wconf 86' lang='lat' dir='ltr'>quern</span> 
     </span>
     <span class='ocr_line' id='line_1_40' title="bbox 193 3814 1310 3893; baseline -0.004 -17"><span class='ocrx_word' id='word_1_373' title='bbox 193 3818 322 3893; x_wconf 87' lang='lat' dir='ltr'>primurn</span> <span class='ocrx_word' id='word_1_374' title='bbox 336 3821 461 3893; x_wconf 89' lang='lat' dir='ltr'>contuli,</span> <span class='ocrx_word' id='word_1_375' title='bbox 480 3819 498 3878; x_wconf 88' lang='lat' dir='ltr'>i.</span> <span class='ocrx_word' id='word_1_376' title='bbox 514 3818 584 3891; x_wconf 87' lang='grc' dir='ltr'>111Ι</span> <span class='ocrx_word' id='word_1_377' title='bbox 599 3817 752 3892; x_wconf 73' lang='lat' dir='ltr'>Thuaneo,</span> <span class='ocrx_word' id='word_1_378' title='bbox 771 3838 830 3877; x_wconf 91' lang='lat' dir='ltr'>non</span> <span class='ocrx_word' id='word_1_379' title='bbox 843 3817 1113 3891; x_wconf 59' lang='lat' dir='ltr'>animadverterim</span> <span class='ocrx_word' id='word_1_380' title='bbox 1134 3821 1194 3874; x_wconf 85' lang='lat' dir='ltr'>tarn</span> <span class='ocrx_word' id='word_1_381' title='bbox 1209 3814 1310 3890; x_wconf 88' lang='lat' dir='ltr'>iniqua</span> 
     </span>
     <span class='ocr_line' id='line_1_41' title="bbox 193 3903 1312 3982; baseline -0.005 -17"><span class='ocrx_word' id='word_1_382' title='bbox 193 3906 274 3965; x_wconf 87' lang='lat' dir='ltr'>enim</span> <span class='ocrx_word' id='word_1_383' title='bbox 297 3907 344 3964; x_wconf 88' lang='lat' dir='ltr'>vel</span> <span class='ocrx_word' id='word_1_384' title='bbox 372 3909 470 3982; x_wconf 82' lang='lat' dir='ltr'>potius</span> <span class='ocrx_word' id='word_1_385' title='bbox 498 3915 559 3966; x_wconf 86' lang='lat' dir='ltr'>tam</span> <span class='ocrx_word' id='word_1_386' title='bbox 581 3907 703 3981; x_wconf 83' lang='lat' dir='ltr'>indigna</span> <span class='ocrx_word' id='word_1_387' title='bbox 730 3912 776 3966; x_wconf 88' lang='lat' dir='ltr'>est</span> <span class='ocrx_word' id='word_1_388' title='bbox 799 3925 901 3978; x_wconf 85' lang='lat' dir='ltr'>eorum</span> <span class='ocrx_word' id='word_1_389' title='bbox 928 3906 1060 3966; x_wconf 88' lang='lat' dir='ltr'>condicio</span> <span class='ocrx_word' id='word_1_390' title='bbox 1093 3904 1144 3980; x_wconf 89' lang='lat' dir='ltr'>qni</span> <span class='ocrx_word' id='word_1_391' title='bbox 1171 3904 1202 3960; x_wconf 92' lang='grc'>11</span> <span class='ocrx_word' id='word_1_392' title='bbox 1230 3903 1312 3977; x_wconf 82' lang='lat' dir='ltr'>regia</span> 
     </span>
     <span class='ocr_line' id='line_1_42' title="bbox 194 3992 1312 4070; baseline -0.001 -17"><span class='ocrx_word' id='word_1_393' title='bbox 194 3993 371 4060; x_wconf 83' lang='lat' dir='ltr'>bibliotheca</span> <span class='ocrx_word' id='word_1_394' title='bbox 389 3995 573 4055; x_wconf 88' lang='lat' dir='ltr'>Beroliucnsi</span> <span class='ocrx_word' id='word_1_395' title='bbox 587 3995 703 4054; x_wconf 89' lang='lat' dir='ltr'>codices</span> <span class='ocrx_word' id='word_1_396' title='bbox 722 4001 848 4054; x_wconf 89' lang='lat' dir='ltr'>tractant</span> <span class='ocrx_word' id='word_1_397' title='bbox 868 4014 958 4066; x_wconf 85' lang='lat' dir='ltr'>rnanu</span> <span class='ocrx_word' id='word_1_398' title='bbox 981 3996 1119 4070; x_wconf 86' lang='lat' dir='ltr'>scriptos,</span> <span class='ocrx_word' id='word_1_399' title='bbox 1143 3998 1176 4051; x_wconf 91' lang='lat' dir='ltr'>ut</span> <span class='ocrx_word' id='word_1_400' title='bbox 1194 3992 1244 4049; x_wconf 83' lang='lat' dir='ltr'>vel</span> <span class='ocrx_word' id='word_1_401' title='bbox 1262 4011 1312 4052; x_wconf 89' lang='lat' dir='ltr'>eos</span> 
     </span>
     <span class='ocr_line' id='line_1_43' title="bbox 194 4083 1312 4161; baseline -0.002 -18"><span class='ocrx_word' id='word_1_402' title='bbox 194 4083 246 4161; x_wconf 90' lang='lat' dir='ltr'>qui</span> <span class='ocrx_word' id='word_1_403' title='bbox 274 4083 501 4159; x_wconf 80' lang='lat' dir='ltr'>diligentissime</span> <span class='ocrx_word' id='word_1_404' title='bbox 528 4102 563 4157; x_wconf 84' lang='lat' dir='ltr'>ac</span> <span class='ocrx_word' id='word_1_405' title='bbox 588 4083 812 4158; x_wconf 85' lang='lat' dir='ltr'>religiosissime</span> <span class='ocrx_word' id='word_1_406' title='bbox 843 4083 874 4142; x_wconf 93' lang='lat' dir='ltr'>in</span> <span class='ocrx_word' id='word_1_407' title='bbox 902 4084 958 4142; x_wconf 92' lang='lat' dir='ltr'>hoc</span> <span class='ocrx_word' id='word_1_408' title='bbox 985 4101 1072 4159; x_wconf 89' lang='lat' dir='ltr'>opere</span> <span class='ocrx_word' id='word_1_409' title='bbox 1098 4088 1255 4142; x_wconf 82' lang='lat' dir='ltr'>versentur</span> <span class='ocrx_word' id='word_1_410' title='bbox 1283 4088 1312 4141; x_wconf 90' lang='lat' dir='ltr'>et</span> 
     </span>
    </p>
   </div>
   <div class='ocr_carea' id='block_1_3' title="bbox 84 4172 1312 4250">
    <p class='ocr_par' dir='ltr' id='par_1_3' title="bbox 84 4172 1312 4250">
     <span class='ocr_line' id='line_1_44' title="bbox 84 4172 1312 4250; baseline -0.004 -17"><span class='ocrx_word' id='word_1_411' title='bbox 84 4180 87 4185; x_wconf 85' lang='lat'>&#39;</span> <span class='ocrx_word' id='word_1_412' title='bbox 194 4191 270 4250; x_wconf 85' lang='lat' dir='ltr'>quos</span> <span class='ocrx_word' id='word_1_413' title='bbox 297 4172 372 4232; x_wconf 88' lang='lat' dir='ltr'>nihil</span> <span class='ocrx_word' id='word_1_414' title='bbox 399 4173 461 4232; x_wconf 87' lang='lat' dir='ltr'>fere</span> <span class='ocrx_word' id='word_1_415' title='bbox 488 4189 589 4249; x_wconf 81' lang='lat' dir='ltr'>eorum</span> <span class='ocrx_word' id='word_1_416' title='bbox 617 4191 692 4250; x_wconf 84' lang='lat' dir='ltr'>quae</span> <span class='ocrx_word' id='word_1_417' title='bbox 718 4172 750 4231; x_wconf 93' lang='lat' dir='ltr'>in</span> <span class='ocrx_word' id='word_1_418' title='bbox 772 4172 922 4241; x_wconf 87' lang='lat' dir='ltr'>codicibus</span> <span class='ocrx_word' id='word_1_419' title='bbox 945 4177 1050 4233; x_wconf 86' lang='lat' dir='ltr'>extant</span> <span class='ocrx_word' id='word_1_420' title='bbox 1081 4172 1187 4246; x_wconf 84' lang='lat' dir='ltr'>fugiat,</span> <span class='ocrx_word' id='word_1_421' title='bbox 1213 4176 1312 4229; x_wconf 87' lang='lat' dir='ltr'>tamen</span> 
     </span>
    </p>
   </div>
   <div class='ocr_carea' id='block_1_4' title="bbox 0 0 1459 4666">
    <p class='ocr_par' dir='ltr' id='par_1_4' title="bbox 0 0 1459 4666">
     <span class='ocr_line' id='line_1_45' title="bbox 0 0 1459 4666; baseline 0 0"><span class='ocrx_word' id='word_1_422' title='bbox 0 0 1459 4666; x_wconf 95' lang='lat' dir='ltr'> </span> 
     </span>
    </p>
   </div>
  </div>
 </body>
</html>
