2886 4666
492 312 599 366 aman
616 313 679 366 nn.
700 313 775 368 oar.
794 313 917 368 eo-er.
1197 299 1242 361 95
1314 365 1316 370 .

171 480 311 554 tuerant;
336 480 406 538 tum
429 476 588 558 dispersos
612 476 762 558 depositis
786 477 882 540 armis
910 477 945 538 in
967 475 1116 540 metendo
1146 496 1272 543 occu-a

170 588 261 664 patos
293 582 399 645 subito
435 583 538 646 adorti
574 584 685 666 paucis
723 583 897 647 interfectis
933 583 1073 666 reliquos
1109 584 1240 647 incertis

29 690 31 694 ⁴
131 713 158 754 ro
172 689 339 752 ordinibus
371 689 649 772 perturbaverant,
684 690 781 779 simul
813 691 957 772 equitatu
992 695 1087 772 atque
1119 689 1240 760 essedis

144 816 155 860 1
171 797 455 860 circumdederant.
503 786 612 860 Genus
627 797 688 859 hoc
709 800 757 860 est
774 815 816 859 ex
835 796 954 860 essedis
969 815 1110 880 pugnae:
1135 798 1238 879 primo
1256 814 1301 869 aa

170 923 227 987 per
250 893 360 968 omnes
382 909 488 986 partes
510 904 714 986 perequitant
743 908 775 966 et
797 903 860 966 tela
884 905 1025 967 coiciunt
1048 908 1144 986 atque
1166 903 1239 986 ipso

172 1016 290 1074 terrore
318 1029 474 1091 equorum
503 1015 535 1074 et
561 1011 694 1093 strepitu
722 1014 864 1073 rotarum
893 1011 1020 1074 ordines
1047 1010 1240 1093 plerumque
1293 1088 1296 1092 Ι

170 1116 371 1200 perturbant,
395 1121 426 1180 et
448 1136 522 1180 curn
537 1136 571 1180 se
586 1118 670 1180 inter
685 1117 831 1198 equitum
847 1123 967 1180 turmas
984 1118 1240 1200 insinuaverunt7

143 1242 212 1288 aer
235 1224 354 1287 essedis
379 1224 530 1287 desiliunt
553 1229 585 1287 et
607 1223 741 1307 pedibus
759 1224 965 1307 proeliantur.
1012 1225 1141 1307 aurigae
1156 1225 1271 1290 into-a

170 1332 231 1393 rim
254 1331 407 1414 paulatim
431 1348 472 1393 ex
495 1330 615 1414 proelio
640 1330 801 1394 excedunt
823 1336 919 1412 atque
947 1332 994 1394 ita
1021 1350 1134 1395 currus
1162 1351 1238 1411 con·

169 1428 289 1520 locant,
316 1444 365 1520 ut,
393 1439 421 1500 si
443 1437 492 1499 illi
516 1457 535 1499 a
556 1437 764 1501 multitudine
786 1438 928 1501 hostium
950 1443 1149 1521 premantur,
1182 1458 1239 1501 ex-

170 1546 314 1628 peditum
351 1545 392 1607 ad
428 1564 503 1607 suos
539 1550 704 1627 receptum
740 1544 888 1625 habeant.
947 1546 992 1607 ita
1027 1544 1237 1608 mobilitatem
1251 1571 1271 1612 e

170 1653 342 1734 equitum,
362 1650 568 1714 stabilitatem
600 1631 744 1735 peditum
776 1653 810 1714 in
838 1651 966 1734 proeliis
993 1657 1168 1734 praestant,
1201 1671 1239 1714 ac

129 1779 156 1820 ro
171 1763 294 1822 tantum
328 1779 389 1822 usu
418 1758 577 1822 cotidiano
611 1763 642 1822 et
669 1759 898 1822 exercitatione
931 1757 1087 1840 efficiunt,
1121 1759 1170 1821 uti
1203 1756 1237 1820 in
1279 1785 1280 1790 ¹

171 1865 285 1928 declivi
309 1885 345 1928 ac
368 1846 535 1948 praecipiti
556 1865 627 1929 loco
648 1865 797 1928 incitatos
813 1884 913 1946 equos
929 1866 1084 1928 sustinere
1097 1870 1132 1942 vet
1147 1865 1238 1928 brevi

169 1973 328 2035 moderari
352 1992 389 2035 ac
412 1971 539 2035 flectere
563 1977 594 2034 et
608 1990 664 2054 per
679 1976 839 2035 temonem
854 1990 1040 2055 percurrere
1063 1971 1146 2035 etin
1161 1973 1238 2055 iugo

170 2081 316 2143 insistere
336 2085 367 2142 ct
390 2098 424 2142 se
443 2078 517 2141 inde
535 2080 569 2140 in
586 2098 699 2141 currus
716 2080 867 2142 citissime
882 2080 1023 2162 recipere
1043 2080 1237 2142 consuerint.

144 2183 296 2260 rQuibus
319 2186 415 2250 rebus
437 2185 629 2269 perturbatis
652 2186 768 2261 nostris
788 2186 929 2248 novitate
944 2206 1071 2269 pugnae
1095 2191 1237 2268 tempore
1254 2203 1298 2258 34

171 2294 417 2375 oportunissimo
433 2291 548 2355 Caesar
568 2293 725 2354 auxilium
745 2292 832 2354 tulit:
857 2311 996 2374 namque
1011 2293 1081 2355 eius
1096 2292 1237 2355 adventu

169 2400 278 2462 hostes
301 2401 524 2478 constiterunt,
553 2400 652 2462 nostri
675 2418 709 2462 se
732 2417 774 2461 ex
797 2401 910 2472 timore
934 2405 1132 2481 receperunt.
1172 2417 1266 2480 quoa

168 2507 250 2570 facto
275 2507 315 2569 ad
337 2507 557 2570 lacessendum
584 2507 707 2570 hostem
735 2511 766 2570 et
794 2505 1056 2570 committendum
1079 2505 1236 2588 proelium
1328 2563 1336 2579 ,

142 2614 311 2677 salienum
334 2633 402 2677 esse
427 2618 552 2696 tempus
580 2614 750 2677 arbitratus
766 2633 835 2695 lsuo
858 2633 892 2677 se
920 2614 989 2677 loco
1018 2615 1177 2677 continuit
1205 2618 1239 2684 et

168 2720 259 2784 brevi
282 2727 424 2804 tempore
448 2721 629 2784 intermisso
652 2722 686 2783 in
710 2725 813 2784 castra
827 2721 968 2803 legiones
982 2722 1120 2784 reduxit.
1159 2719 1234 2782 dum
1249 2747 1270 2788 a

168 2827 246 2891 haec
274 2833 444 2911 geruntur,
476 2829 593 2891 nostris
626 2827 774 2891 omuibus
808 2830 968 2910 occupatis
1002 2829 1057 2909 qui
1084 2835 1174 2890 erant
1200 2827 1235 2889 in

169 2937 253 3016 agris
280 2935 396 3016 reliqui
425 2934 646 3001 discesserunt.
697 2940 823 2997 secutae
852 2940 928 2997 sunt
955 2935 1122 2997 continuos
1150 2954 1270 3000 com-r*

168 3040 276 3124 plures
299 3041 367 3105 dics
390 3046 604 3124 tempestates
629 3061 709 3123 quae
733 3047 764 3104 et
786 3047 912 3104 nostros
939 3043 972 3103 in
997 3043 1108 3104 castris
1136 3042 1237 3104 conti-

128 3166 155 3207 ιο
169 3154 283 3213 nerent
305 3154 338 3212 et
359 3149 483 3212 hostem
511 3169 530 3210 a
556 3168 663 3231 pugna
687 3147 901 3231 prohiberent.
951 3150 1081 3212 interim
1108 3148 1235 3212 barbari
1249 3174 1269 3215 a

168 3257 298 3319 nuntios
322 3257 355 3318 iu
381 3275 491 3318 omnes
514 3262 619 3338 partes
636 3255 825 3318 dimiserunt
838 3257 1096 3338 paucitatemque
1111 3261 1237 3319 nostro-

168 3383 241 3426 rum
267 3364 409 3428 militum
435 3364 502 3425 suis
529 3363 794 3445 praedicaverunt
821 3366 853 3426 et
880 3369 999 3445 quanta
1026 3364 1163 3446 praedae
1189 3362 1238 3424 fa-

67 3477 70 3482 '
168 3470 298 3532 ciendae
322 3475 416 3550 atque
439 3453 474 3531 in
496 3475 686 3552 perpetuum
708 3470 758 3532 sui
774 3469 933 3533 liberandi
947 3469 1080 3533 facultas
1097 3470 1240 3550 daretur,

255 3699 301 3754 33.
322 3700 339 3751 4
357 3697 551 3752 insinuauerint
578 3697 748 3766 ObB²M²pf²
789 3700 797 3763 ll
839 3715 900 3752 cum
923 3714 952 3751 so
1033 3698 1241 3752 insinuauerunt

167 3788 216 3841 del.
238 3787 408 3841 Sebaaabacla
439 3789 448 3855 ΙΙ
480 3788 550 3841 5ex
569 3805 599 3853 “3
623 3789 702 3840 etex
721 3787 755 3856 ps
782 3789 790 3856 ll
822 3788 934 3879 pedibus
954 3806 983 3853 u3
1007 3787 1145 3859 peditesd
1177 3788 1186 3855 ll
1218 3789 1240 3841 6

166 3876 310 3944 ραιιΙιιωβ
341 3876 350 3945 ll
381 3882 425 3943 cd
456 3880 465 3944 ΙΙ
497 3892 590 3929 currus
610 3895 640 3943 “3
660 3883 717 3943 sed
749 3875 757 3941 ΙΙ
790 3876 824 3930 10
837 3880 895 3943 utft
927 3878 935 3944 ΙΙ
968 3878 1001 3928 13
1015 3876 1158 3929 consistere
1177 3877 1206 3930 o¹
1226 3875 1241 3946 ll

165 3966 225 4019 inde
245 3972 309 4033 sept

252 4056 299 4110 34.
320 4058 334 4108 1
354 4055 472 4109 nouitate
491 4071 593 4124 pugnae
616 4055 666 4107 dcl.
685 4055 775 4121 Kraffi
813 4055 822 4122 ll
859 4057 875 4109 3
899 4071 933 4107 ex
956 4055 1050 4108 timore
1074 4071 1102 4109 se
1126 4055 1180 4126 pf²3
1205 4071 1240 4108 so

165 4161 217 4197 om».
237 4144 283 4212 asl
315 4145 323 4214 ll
354 4145 493 4198 4hostem
511 4151 541 4210 β;
560 4161 612 4196 01η.
633 4163 650 4194 a
683 4146 691 4213 ll
723 4145 749 4196 et
767 4151 796 4210 263
816 4146 843 4198 et
861 4145 893 4197 ad
913 4163 931 4195 a
963 4144 971 4212 ll
1003 4145 1027 4198 8.
1048 4146 1064 4198 9
1084 4145 1141 4198 dies
1160 4161 1240 4198 com·

165 4232 289 4301 pluresd
321 4233 329 4302 ll
362 4234 396 4287 12
415 4236 562 4304 quantaeq
