2886 4666
480 295 589 349 LIBER
607 295 667 349 VII.
688 295 764 350 OAP.
784 298 906 351 71-73.
1163 283 1227 346 205

158 457 268 541 plevit.
291 463 363 542 post
386 476 440 522 eas
464 478 612 542 aggerem
635 479 671 522 ac
694 459 816 522 vallum
838 459 905 523 XII
925 461 1044 542 pedum
1068 462 1256 541 extruxit34

160 563 236 628 huie
258 563 390 628 loricam
412 566 593 650 pinnasque
617 565 733 629 adiecit
754 566 930 649 grandibus
959 568 1061 630 cervis
1086 569 1229 631 eminen-

118 694 147 737 ιε
160 669 246 734 tibus
269 671 310 735 ad
326 673 550 749 commissuras
566 672 748 755 pluteorum
767 678 861 755 atque
882 674 1018 757 aggeris,
1043 674 1099 756 qui
1119 693 1229 739 ascen·

160 796 233 841 sum
255 777 395 842 hostium
419 778 592 862 tardarent,
620 783 652 842 et
675 785 778 843 turres
801 783 866 843 toto
891 799 983 862 opere
1012 781 1229 865 circumdedit,

136 902 247 966 rquae
269 884 366 970 pedes
389 884 518 949 LXXX
541 887 624 950 inter
651 904 686 948 se
710 886 869 950 distarent.
915 885 993 950 Erat
1016 888 1128 951 eodem
1152 894 1230 952 tem·
1250 903 1285 959 78

159 1010 237 1075 pore
260 995 292 1056 et
313 992 473 1056 materiari
498 996 530 1054 et
551 992 739 1056 frumentari
762 998 793 1056 et
816 997 918 1056 tantas
942 994 1137 1058 munitiones
1160 994 1230 1058 fieri

159 1116 292 1163 necesse
320 1098 492 1162 deminutis
519 1100 638 1163 nostris
666 1100 778 1182 copiiS,
807 1118 888 1181 quae
916 1100 1044 1183 longius
1072 1121 1091 1163 a
1118 1102 1230 1165 castris

160 1204 457 1289 progrediebantur3
475 1226 512 1269 ac
527 1224 594 1269 non
611 1225 789 1288 numquam
803 1226 898 1289 opera
912 1212 1021 1270 nostra
1034 1207 1117 1271 Galli
1130 1212 1229 1291 temp-

131 1315 228 1377 atare
252 1317 348 1394 atque
372 1313 572 1394 eruptionem
600 1332 641 1376 ex
665 1313 780 1396 oppido
808 1312 955 1395 pluribus
982 1315 1082 1396 portis
1106 1334 1231 1378 summa

72 1402 75 1407 ’
161 1417 193 1479 vi
216 1418 319 1482 facere
342 1418 547 1483 conabantur.
587 1438 686 1502 quare
710 1420 844 1484 adhaec
863 1440 974 1484 rursus
999 1440 1095 1503 opera
1110 1421 1257 1486 adden-2

161 1523 239 1587 dum
262 1523 379 1588 Caesar
401 1527 535 1609 putavit,
565 1546 627 1608 quo
652 1528 775 1590 minore
797 1546 931 1591 numero
959 1527 1098 1590 militum
1125 1530 1230 1592 muni-

161 1631 265 1694 tiones
293 1631 422 1695 defendi
445 1638 582 1715 possent.
629 1635 738 1716 itaque
767 1635 888 1697 trunds
915 1634 1066 1697 arborum
1093 1640 1149 1698 aut
1176 1636 1230 1699 ad-

161 1738 294 1801 modum
320 1737 421 1802 firmis
448 1741 545 1803 ramis
573 1740 704 1804 abscisis
737 1745 832 1823 atque
861 1742 975 1804 horum
1003 1741 1166 1806 delibratis
1194 1762 1230 1806 ac

121 1865 149 1909 ro
161 1846 339 1927 praeacutis
355 1845 576 1911 cacuminibus
592 1853 763 1931 perpetuae
784 1847 887 1912 fossae
904 1850 1018 1931 quinos
1034 1849 1130 1932 pedes
1150 1850 1230 1914 altae

163 1951 369 2015 ducebantur.
409 1953 472 2016 huc
495 1953 542 2016 illi
565 1954 688 2037 stipites
705 1955 835 2018 demissi
859 1959 890 2018 et
905 1954 944 2018 ab
961 1954 1071 2019 intimo
1088 1957 1230 2038 revincti,
1244 1977 1258 2019 a

162 2077 203 2122 ne
219 2057 330 2122 revelli
345 2064 482 2143 possent,
500 2060 538 2123 ab
553 2062 650 2123 ramis
665 2061 856 2125 eminebant.
881 2063 972 2144 quini
988 2068 1079 2126 erant
1095 2063 1230 2146 ordines,
1244 2084 1258 2126 4

162 2165 326 2229 coniuncti
349 2167 431 2230 inter
454 2186 487 2231 se
509 2172 604 2250 atque
620 2167 785 2249 implicatu
811 2187 874 2249 quo
893 2170 948 2251 qui
964 2170 1172 2251 intraverant,
1197 2189 1230 2234 se

162 2271 224 2354 ipsi
247 2273 439 2336 acutissimis
462 2274 554 2337 vallis
578 2274 762 2338 induebant.
808 2274 867 2337 lios
891 2275 999 2357 cippos
1022 2275 1257 2358 appellabants

122 2399 149 2442 ιε
163 2383 236 2442 ante
270 2379 328 2444 hos
363 2380 501 2462 obliquis
539 2380 705 2445 ordinibus
742 2383 778 2444 in
817 2382 1031 2462 quincuncem
1071 2382 1230 2464 dispositis

162 2486 290 2550 scrobes
313 2487 349 2548 in
372 2487 572 2552 altitudinem
596 2489 693 2552 trium
717 2488 836 2570 pedum
853 2487 1058 2551 fodiebantur
1076 2489 1230 2571 paulatim

162 2594 345 2676 angustiore
369 2594 409 2657 ad
433 2593 580 2658 infimum
602 2595 734 2679 fastigio.
773 2597 836 2659 huc
860 2600 974 2658 teretes
998 2596 1119 2678 stipites
1141 2595 1258 2659 femi-a

163 2700 213 2763 nis
241 2701 451 2765 crassitudine
480 2702 518 2765 ab
547 2721 671 2765 summo
703 2704 865 2785 praeacuti
898 2706 929 2766 et
952 2703 1093 2786 praeusti
1119 2701 1231 2765 demit-

163 2806 313 2870 tebantur
339 2809 395 2890 ita,
425 2813 458 2871 ut
485 2829 551 2872 non
580 2809 716 2893 amplius
746 2810 852 2891 digitis
880 2808 947 2872 ΗΠ
976 2828 1017 2871 ex
1042 2814 1126 2873 terra
1154 2810 1231 2873 emi-

120 2919 290 2993 aonerent3
319 2915 414 2978 simul
439 2915 647 2979 confirmandi
671 2922 703 2979 et
725 2916 906 2979 stabiliendi
931 2935 1026 2979 causa
1050 2917 1168 2999 singuli
1192 2917 1258 2980 aba

162 3019 272 3083 infimo
298 3021 364 3085 solo
388 3022 484 3105 pedes
507 3028 591 3086 terra
614 3022 875 3106 exculcabantur,
904 3023 1028 3105 reliqua
1050 3042 1123 3105 pars
1147 3042 1231 3086 sero-

164 3125 213 3190 bis
237 3128 277 3191 ad
301 3129 505 3192 occultandas
528 3129 661 3192 insidias
684 3129 859 3192 viminibus
883 3149 920 3192 ac
940 3130 1088 3213 virgultis
1111 3131 1232 3214 intege-

163 3232 265 3297 batur.
304 3236 399 3299 huius
421 3236 549 3319 generis
573 3239 680 3299 octoni
703 3235 829 3299 ordines
853 3236 940 3300 ducti
965 3241 1071 3301 ternos
1091 3238 1176 3301 inter
1198 3257 1259 3300 sea

254 3412 287 3465 13
307 3415 398 3480 postea
416 3427 537 3481 aggerem
557 3431 579 3464 π
607 3417 615 3480 lt
643 3411 841 3479 141urieamd
872 3413 880 3481 ll
914 3414 947 3468 15
967 3428 1077 3482 aggeres
1097 3432 1114 3464 c
1147 3414 1154 3481 ll
1187 3413 1232 3480 qui

163 3517 194 3567 “i
213 3502 278 3566 uiti

254 3590 298 3644 73.
319 3592 333 3642 1
354 3591 447 3644 eodem
465 3598 493 3658 β;
513 3607 543 3644 eo
564 3611 581 3642 a
613 3593 621 3656 ll
654 3592 745 3646 2fieri
763 3591 803 3659 X;
823 3592 891 3646 tueri
912 3592 992 3645 Sabo.
1026 3592 1034 3659 ΙΙ
1067 3590 1232 3644 3diminutis

162 3677 199 3753 (if
225 3680 234 3744 ΙΙ
270 3679 351 3748 copiis
370 3680 503 3747 nostrisa
539 3682 547 3745 ll
584 3680 616 3734 ab
636 3700 653 3732 a
690 3681 698 3749 [l
736 3682 760 3733 7.
779 3681 796 3734 8
816 3681 920 3734 delendi
939 3680 1133 3746 munitionesfl
1171 3679 1178 3747 ll
1215 3679 1232 3732 8

163 3769 211 3821 aut
229 3767 305 3836 (haut
325 3768 359 3836 S)
378 3768 418 3835 X,
436 3769 486 3822 del.
506 3769 592 3838 Nipp.
626 3770 634 3838 ll
672 3771 703 3822 11
725 3769 826 3822 dimissi
846 3789 887 3820 απ
923 3771 931 3833 Η
969 3769 1002 3820 12
1021 3771 1096 3821 erant
1115 3785 1167 3820 om.
1188 3788 1205 3819 α
1225 3767 1232 3839 ll

165 3857 198 3910 13
218 3855 367 3926 complicati
386 3877 408 3909 π
445 3858 453 3926 ll
491 3860 524 3911 15
543 3860 603 3911 ante
622 3859 670 3912 hos
690 3856 803 3926 obliquis
821 3866 850 3926 βς
873 3874 940 3926 quos
959 3857 1079 3926 obliquos
1099 3877 1116 3908 a
1153 3857 1161 3925 ll
1200 3859 1232 3911 16

162 3944 191 3997 in
209 3945 348 3999 altitudine
367 3945 410 4014 Αβ
445 3947 454 4015 lt
490 3949 543 4000 tres
562 3947 589 4000 in
608 3947 775 4001 altitudinem
794 3948 874 4015 pedes
895 3967 912 3998 u
949 3947 957 4014 lt
995 3947 1232 4001 18.19demitte·

164 4033 260 4088 bantur
278 4034 353 4102 Ald.;
377 4035 577 4089 dimittebantur
594 4035 624 4088 X
653 4038 662 4105 ll
695 4037 728 4089 19
748 4043 797 4102 ed
837 4034 845 4106 ll
887 4036 919 4088 21
940 4036 1021 4104 pedes
1040 4036 1082 4089 III
1101 4038 1171 4089 terra
1189 4043 1205 4103 β
1224 4035 1232 4107 l]

163 4123 199 4176 22
217 4123 338 4192 uirgultis
350 4132 378 4192 β;
397 4124 509 4179 uinculis
523 4145 540 4176 a
577 4124 584 4196 ll
622 4125 664 4177 22.
679 4125 713 4178 23
726 4125 864 4193 tegebatur
877 4123 932 4194 283
952 4125 1136 4193 inpediebatur
1150 4125 1208 4178 ΒΜ
1224 4124 1232 4196 ΙΙ

119 4203 121 4208 ’
164 4212 198 4265 23
219 4213 291 4267 ducti
309 4221 338 4281 fl,
357 4214 441 4268 iuncti
460 4234 478 4266 a
