2886 4666
488 326 596 380 LIBER
614 327 646 379 V.
668 326 743 381 CAP.
759 328 881 381 46-49.
1153 313 1218 374 121

149 482 259 553 scribit
282 509 315 553 se
340 509 413 552 cum
436 489 616 572 legionibus
639 490 815 572 profectum
839 489 984 552 celeriter
999 489 1120 567 adfore,
1145 490 1217 552 hor·
1310 540 1314 548 .

149 600 246 676 tatur,
274 601 310 659 ut
332 597 497 679 pristinam
525 597 676 659 virtutem
704 597 847 659 retineat.
899 595 1011 659 Gallus
1038 596 1248 679 periculumr

150 703 281 786 verituS,
305 708 342 765 ut
365 708 432 766 erat
453 706 669 786 praeceptum,
697 703 853 784 tragulam
880 704 985 766 mittit.
1036 704 1113 767 haec
1141 722 1249 769 casus

108 834 134 876 15
149 809 189 872 ad
221 810 336 872 turrim
368 809 513 873 adhaesit
545 829 649 891 neque
682 811 842 873 anostris
869 809 967 873 biduo
996 810 1218 873 animadversa

148 916 241 980 tertio
266 916 316 980 die
340 937 359 979 a
383 917 521 999 quodam
547 917 648 978 milite
676 917 883 999 conspicitur,
912 918 1039 1000 dempta
1066 914 1217 980 610166-

148 1042 260 1086 ronem
283 1023 429 1087 defertur.
475 1023 529 1086 ille
552 1023 724 1106 perlectam
751 1024 786 1085 in
814 1029 974 1086 conventu
1001 1023 1139 1086 militum
1167 1042 1246 1088 rec

149 1130 225 1193 citat
246 1131 452 1211 maximaque
476 1149 586 1193 omnes
609 1130 730 1193 laetitia
753 1128 867 1192 adficit.
914 1135 982 1192 tum
1005 1131 1085 1192 fumi
1108 1131 1216 1192 incen-
1231 1154 1264 1195 ro

150 1236 275 1299 diorum
296 1237 409 1320 procul
431 1236 635 1316 videbantur,
662 1255 744 1317 quae
768 1255 818 1299 res
842 1256 968 1299 omnem
986 1236 1217 1299 dubitationem

108 1366 135 1408 ao
150 1343 305 1407 adventus
328 1343 490 1426 legionum
515 1343 645 1426 expulit.

122 1475 134 1515 1
239 1449 321 1514 Galli
344 1469 378 1513 re
406 1451 533 1533 cognita
558 1470 627 1533 per.
644 1451 859 1533 exploratores
892 1450 1092 1513 obsidionem
1119 1450 1216 1512 16116-
1234 1457 1279 1510 te

151 1561 266 1638 quunt,
299 1557 340 1620 ad
373 1555 539 1620 Caesarem
568 1557 718 1620 omnibus
750 1559 849 1640 copiis
882 1557 1087 1620 contendunt.
1138 1557 1216 1619 haec

151 1669 241 1727 erant
272 1668 392 1726 armata
424 1664 549 1726 circiter
580 1664 669 1725 milia
700 1663 768 1727 LX.
820 1662 929 1727 Cicero
963 1665 1036 1727 data
1067 1663 1245 1726 facultates

151 1768 277 1833 Gallum
302 1770 470 1833 abeodem
485 1769 670 1852 Verticone,
696 1790 791 1853 quem
811 1790 906 1854 supra
921 1771 1217 1852 demonstravimus,

122 1877 275 1958 arepetit,
301 1878 357 1958 qui
381 1877 503 1940 litteras
527 1877 567 1939 ad
592 1876 758 1941 Caesarem
782 1878 909 1942 deferat.
955 1879 1042 1940 hunc
1059 1877 1249 1958 admonete

149 1985 210 2048 iter
233 1989 324 2047 caute
341 1984 574 2067 diligenterque
597 1984 698 2047 iaciat.
737 1985 907 2067 perscribit
928 1986 964 2047 in
979 1985 1092 2047 litteris
1111 1985 1218 2047 hostes

150 2091 189 2153 ab
213 2111 247 2154 se
276 2090 457 2154 discessisse
486 2111 678 2172 omnemque
706 2092 746 2155 ad
774 2111 847 2155 eum
875 2092 1114 2154 multitudinem
1142 2111 1216 2154 con-

150 2199 290 2261 vertisse.
339 2197 455 2279 quibus
479 2198 592 2260 litteris
616 2199 742 2261 circiter
769 2200 875 2262 media
900 2204 994 2261 nocte
1022 2197 1135 2261 Caesar
1163 2199 1247 2260 ard-4

149 2305 221 2367 latis
250 2323 324 2367 suos
351 2305 427 2368 facit
454 2305 604 2369 certiores
637 2324 755 2387 eosque
788 2306 828 2368 ad
861 2305 1077 2368 dimicandum
1110 2306 1217 2367 animo

109 2432 136 2475 10
151 2409 323 2474 confirmat.
362 2417 486 2494 postero
505 2413 554 2474 die
577 2412 649 2474 luce
672 2413 774 2494 prima
789 2417 896 2475 movet
911 2418 1012 2474 castra
1036 2416 1067 2473 et
1090 2412 1249 2475 circitcrs

150 2518 240 2580 milia
262 2538 415 2601 passuum
438 2518 504 2580 llll
523 2538 708 2602 progressus
732 2525 818 2582 trans
834 2520 951 2582 vallem
966 2524 997 2582 et
1011 2519 1117 2581 rivum
1134 2519 1216 2580 mul·

151 2625 320 2688 titudinem
347 2626 486 2688 hostium
515 2628 723 2708 conspicatur.
774 2632 840 2691 erat
871 2628 979 2708 magni
1005 2625 1138 2708 periculi
1165 2643 1251 2687 reso

151 2732 283 2795 tantulis
307 2733 407 2815 copiis
431 2734 544 2813 iniquo
567 2733 637 2795 loco
662 2733 825 2812 dimicare,
851 2739 932 2815 tum,
958 2735 1109 2813 quoniam
1134 2732 1216 2795 obsi-

151 2838 247 2902 dione
270 2840 441 2902 liberatum
470 2838 654 2903 Ciceronem
682 2840 815 2922 sciebat,
844 2859 946 2921 aequo
975 2841 1080 2901 animo
1109 2839 1217 2902 remit-

110 2965 137 3006 is
151 2939 283 3008 tendum
307 2946 346 3008 de
362 2946 520 3009 celeritate
537 2946 754 3009 existimabat:
780 2947 916 3009 considit
932 2951 963 3008 ct
979 2966 1076 3027 quam
1091 2947 1216 3026 aequis-

151 3052 230 3115 simo
253 3058 357 3135 potest
379 3053 449 3115 loco
474 3057 576 3115 castra
603 3054 780 3116 communit
803 3058 897 3133 atque
921 3054 1012 3135 haec,
1041 3053 1099 3115 etsi
1127 3058 1217 3116 erant
1231 3072 1249 3114 r·

151 3160 269 3241 exigua
300 3178 357 3242 per
389 3179 436 3240 se,
473 3161 529 3221 vix
565 3160 730 3223 hominum
765 3160 888 3222 milium
918 3160 995 3240 VII,
1031 3161 1216 3242 praesertim

151 3265 248 3328 nullis
272 3285 345 3328 cum
368 3266 619 3348 impedimentis,
648 3272 755 3329 tamen
782 3268 938 3350 angustiis
965 3268 1090 3329 viarum
1119 3287 1216 3348 quam

151 3373 291 3435 maxime
314 3377 416 3454 potest
440 3374 610 3454 contrahit,
635 3393 671 3437 66
696 3375 840 3456 consili0,
865 3379 900 3437 ut
918 3375 952 3435 in
968 3394 1124 3436 summam
1142 3393 1217 3436 con·

100 3480 357 3561 ¹actemptionem
389 3479 534 3543 hostibus
567 3481 682 3543 veniat.
737 3482 864 3543 interim
899 3480 1150 3563 speculatoribus
1183 3481 1214 3541 in
1230 3497 1251 3539 s·

241 3709 274 3760 12
286 3708 389 3777 legione
403 3711 442 3777 (cd
455 3710 517 3762 add.
531 3710 559 3778 a)
572 3716 600 3776 β;
619 3708 766 3779 legionibus
778 3710 805 3763 lI
819 3710 880 3762 HM
899 3712 907 3776 11
932 3711 964 3762 15
978 3712 1077 3761 turrem
1091 3715 1108 3774 11
1126 3706 1134 3779 11
1153 3708 1185 3760 ab
1199 3728 1217 3759 a

238 3799 285 3852 49.
305 3798 321 3849 2
339 3798 404 3851 haec
424 3798 549 3866 A(Q?)lr;
568 3799 618 3851 hae
637 3800 695 3868 cal
726 3801 734 3863 11
771 3800 907 3852 36166616
925 3798 1024 3865 Nipp,
1045 3797 1220 3863 Fleckeisen,

151 3889 267 3940 armatae
285 3887 316 3939 X
345 3888 353 3954 11
384 3887 521 3955 lgallum
540 3888 653 3940 eundern
673 3889 871 3952 uerticonempt
903 3890 910 3954 11
943 3887 1068 3953 51666111
1081 3885 1120 3951 Ν;
1139 3886 1216 3952 Alata

151 3976 266 4044 repperit
284 3976 314 4028 X
348 3978 356 4044 11
392 3977 553 4043 deseratus,
577 3977 708 4044 referatfl
744 3978 752 4043 11
788 3977 941 4029 8mediam
962 3978 1100 4042 noctcmp
1136 3977 1145 4044 11
1183 3976 1218 4029 10

151 4063 261 4118 Postera
280 4084 297 4116 a
329 4066 337 4133 11
375 4067 405 4117 11
427 4065 523 4119 uallem
544 4082 667 4134 magnam
687 4068 748 4130 etp
779 4065 787 4131 11
821 4067 853 4118 13
873 4064 981 4117 tantidis
1001 4084 1030 4130 a,
1055 4082 1117 4118 cum
1135 4065 1218 4118 tantis

150 4160 167 4219 β
198 4154 206 4221 11
238 4154 345 4219 Τ666β
376 4156 384 4222 11
418 4157 450 4209 15
470 4154 582 4208 considit
601 4154 670 4221 HM,
693 4155 859 4208 conseditX
893 4157 901 4219 11
939 4155 1048 4208 161666
1067 4157 1189 4223 potesta
1208 4153 1218 4224 11

152 4243 193 4296 19.
214 4242 247 4297 20
266 4243 459 4297 contentionem
479 4250 495 4310 β
527 4248 535 4310 11
568 4243 609 4296 20.
631 4244 662 4296 21
683 4243 709 4295 16
730 4260 834 4297 omnem
855 4247 991 4312 partcmfl
