2886 4666
251 277 315 338 214
650 290 756 344 BELLI
775 290 916 345 GALLICI

223 454 344 518 ationis
377 473 472 516 causa
503 458 680 536 paraverat,
712 454 838 536 profert.
885 460 1046 537 pugnatur
1078 474 1141 517 uno
1175 459 1317 537 tempore

251 561 400 623 omnibus
423 560 501 624 locis
522 565 617 643 atque
639 561 745 623 omnia
765 565 972 644 temptantum
998 581 1080 644 quae
1100 563 1232 625 minime
1248 563 1346 627 visas

222 687 322 750 apars
337 667 427 729 firma
447 672 507 750 est,
530 669 593 730 huc
613 668 820 730 concurritur.
859 667 1076 730 Romanorum
1091 687 1206 731 manus
1222 670 1319 732 tantis

251 773 483 837 munitionibus
507 773 677 837 distinetur
704 793 763 838 nec
785 774 877 838 facile
899 774 1045 857 pluribus
1068 775 1147 838 locis
1171 777 1318 838 occurrit.

223 880 388 946 amultum
414 880 453 944 ad
481 881 645 944 terrendos
673 885 798 944 nostros
821 882 906 944 valet
929 881 1060 963 clamor,
1085 883 1140 963 qui
1164 887 1235 965 post
1257 886 1319 945 ter-

250 1007 327 1071 gum
349 988 567 1070 pugnantibus
591 988 711 1070 existit,
736 988 822 1070 quod
842 1008 936 1051 suum
960 989 1136 1071 periculum
1161 990 1196 1051 in
1214 990 1319 1052 aliena

224 1094 360 1160 svident
374 1095 493 1158 virtute
511 1099 670 1174 constare;
697 1096 803 1157 omnia
827 1096 912 1158 enim
936 1094 1138 1178 plerumque,
1163 1114 1245 1177 quae
1265 1095 1318 1158 ab·
1333 1118 1360 1160 10

197 1216 233 1270 85
251 1206 338 1284 sunt,
366 1201 589 1266 vehementius
617 1201 784 1264 hominum
813 1206 935 1265 mentes
962 1201 1157 1284 perturbant.
1205 1200 1345 1266 Caesarr

251 1308 404 1371 idoneum
438 1309 543 1371 locum
578 1314 691 1372 nactus
727 1308 804 1391 quid
838 1327 963 1390 quaque
998 1310 1031 1370 in
1067 1314 1156 1392 parte
1190 1314 1319 1390 geratur

224 1417 426 1498 acognoscit,
458 1415 675 1478 laborantibus
711 1415 920 1500 (subsidium)
962 1416 1128 1479 submittit.
1175 1417 1319 1498 utrisque

251 1523 292 1585 ad
313 1515 455 1585 animum
476 1524 615 1586 occurrit
630 1542 732 1586 unum
749 1542 817 1586 esse
832 1523 913 1586 illud
930 1527 1157 1606 tempus,.quo
1177 1524 1319 1585 maxime

225 1629 402 1694 acontendi
422 1631 604 1694 conveniat:
630 1629 724 1711 Galli,
748 1631 809 1692 nisi
825 1631 1035 1713 perfregerint
1049 1631 1256 1712 munitiones,
1280 1629 1347 1692 dea

255 1737 341 1799 omni
364 1737 466 1799 salute
482 1737 663 1820 desperant,
688 1736 839 1819 Romani,
862 1738 889 1800 si
905 1755 973 1800 rem
989 1737 1200 1819 obtinuerint,
1222 1735 1320 1798 finem
1394 1818 1397 1822 λ

224 1843 398 1910 alaborum
422 1844 566 1906 omnium
589 1849 767 1927 expectant.
813 1845 954 1907 maxime
982 1844 1022 1906 ad
1048 1845 1227 1926 superiores
1249 1863 1320 1905 mu-

244 1949 390 2012 nitiones
413 1949 588 2031 laboratur,
613 1970 675 2032 quo
688 1950 1024 2014 Vercassivellaunum
1040 1938 1172 2013 missum
1190 1951 1320 2015 demon·
1430 1963 1440 1985 ⁸

253 2057 432 2119 stravimus.
462 2057 610 2138 iniquum
626 2057 689 2121 loci
705 2058 745 2121 ad
761 2057 974 2121 declivitatem
989 2058 1152 2139 fastigium
1168 2076 1319 2140 magnum

225 2161 347 2230 thabet
369 2168 575 2227 momentum.
622 2165 676 2227 alii
699 2164 761 2228 tela
784 2165 940 2246 coiciunt,
969 2165 1023 2226 alii
1051 2163 1210 2227 testudine
1237 2164 1320 2226 facta
1334 2184 1361 2226 10

225 2269 404 2351 osubcunt,
430 2270 605 2353 defatigatis
628 2273 782 2336 invicem
805 2273 922 2355 integri
937 2270 1122 2336 succedunt.
1161 2288 1257 2353 agger
1280 2270 1318 2332 ab

253 2378 411 2441 universis
435 2379 468 2440 in
493 2379 704 2442 munitionem
723 2381 886 2442 coniectus
910 2384 942 2442 et
960 2397 1129 2441 ascensum
1150 2377 1203 2441 dat
1222 2376 1320 2439 Gallis

253 2488 284 2547 et
308 2503 356 2566 ea,
381 2504 462 2567 quae
484 2486 519 2547 in
542 2492 626 2548 terra
649 2485 884 2548 occultaverant
906 2485 1056 2566 Romani,
1081 2485 1231 2567 contegit;
1261 2501 1320 2545 nec

78 2535 235 2734 t,fea
253 2591 324 2653 iam
341 2611 430 2654 arma
451 2593 569 2654 nostris
592 2611 652 2655 nec
668 2592 751 2654 vires
775 2596 955 2675 suppetunt.
993 2592 1054 2655 His
1074 2591 1169 2654 rebus
1185 2591 1347 2673 cognitisr

254 2696 369 2762 Caesar
384 2697 561 2762 Labienum
584 2717 658 2761 cum
677 2698 860 2761 cohortibus
875 2698 923 2760 VI
940 2698 1081 2761 subsidio
1101 2696 1321 2760 laborantibus

227 2806 363 2884 amittit,
388 2805 535 2888 imperat,
559 2806 587 2869 si
610 2806 767 2869 sustinere
790 2823 857 2868 non
881 2806 993 2888 possit,
1018 2804 1163 2868 deductis
1184 2805 1320 2867 cohorti-

226 2911 313 2979 ebus
338 2913 503 2995 eruptione
526 2918 660 2995 pugnet,
690 2912 724 2975 id
748 2913 809 2976 nisi
827 2912 1011 2976 'necessario
1039 2931 1080 2975 ne
1103 2912 1204 2974 faciat.
1251 2911 1319 2992 ipse

254 3019 320 3081 adit
342 3019 496 3100 reliquos,
521 3019 715 3102 cohortatur,
738 3039 779 3083 ne
802 3018 905 3082 labori
929 3018 1151 3097 succumbant,
1177 3018 1349 3081 omniumr

255 3127 456 3208 superiorum
484 3127 727 3190 dimicationum
753 3127 891 3189 fructum
920 3127 956 3188 in
985 3145 1021 3189 eo
1051 3126 1101 3189 die
1126 3131 1220 3208 atque
1244 3126 1322 3186 hora

226 3231 348 3297 rdocet
370 3233 549 3296 consistere.
594 3235 762 3296 interiores
787 3233 960 3316 desperatis
988 3230 1218 3314 campestribus
1240 3231 1321 3294 locis

343 3464 361 3515 4
378 3465 519 3531 parauerat
537 3463 584 3530 Sp3
603 3465 761 3531 parauerant
779 3483 796 3514 a
828 3464 837 3532 ΙΙ
869 3465 894 3518 5.
909 3465 925 3517 6
940 3462 1049 3516 minime
1068 3478 1129 3531 pars
1148 3461 1224 3514 firma
1243 3463 1321 3530 essct,

254 3552 342 3619 huod
374 3553 382 3621 ll
414 3552 538 3606 dextitit
557 3573 574 3604 u
606 3553 615 3620 11
647 3553 726 3622 quod]
746 3569 808 3606 cum
827 3552 956 3620 EHoffm.
990 3553 998 3621 ll
1031 3567 1108 3605 suum
1122 3550 1321 3619 periculumX3

222 3676 224 3680 -
254 3658 331 3696 suam
350 3641 462 3696 salutem
485 3642 552 3696 Oad.
585 3643 593 3710 ll
627 3642 661 3696 10
678 3642 778 3695 uirtute
796 3649 824 3710 β;
844 3642 929 3696 salute
950 3661 967 3692 u

341 3740 390 3805 85.
410 3750 549 3819 aquaque
568 3749 641 3818 infl3
661 3765 766 3819 quaex
786 3769 803 3800 a
835 3750 843 3818 ll
880 3747 1063 3802 3subsidium
1086 3747 1219 3801 submittit
1242 3747 1323 3813 Grada

254 3840 398 3893 summittit
416 3839 564 3892 subsidium
585 3840 617 3907 ὃς
637 3838 781 3892 summittit
798 3838 829 3890 X
858 3838 866 3906 ll
898 3838 967 3891 fad
986 3837 1105 3891 animum
1123 3837 1163 3903 X,
1188 3837 1219 3904 id,
1235 3836 1322 3889 animo

254 3927 361 3996 Frigell
392 3931 401 3999 ΙΙ
432 3945 517 3982 unum
535 3928 601 3982 illud
620 3944 678 3982 esse
697 3930 803 3996 tempus
822 3927 966 3997 praedicat,
987 3933 1074 3995 quoa
1111 3928 1119 3996 ll
1156 3925 1322 3979 8uercassi-

254 4016 399 4084 launumfl
431 4019 439 4086 ll
471 4019 631 4087 9Iniquum
651 4036 681 4085 a,
701 3998 862 4086 exiguumd
893 4018 902 4086 ll
935 4016 969 4068 12
987 4015 1168 4081 inunitioncd

344 4125 389 4179 86.
410 4125 425 4177 2
446 4125 499 4178 .VI.
520 4125 671 4179 cohortibus
693 4132 710 4192 β
741 4126 750 4194 ll
781 4126 799 4177 4
821 4125 952 4193 pugnaret
971 4143 988 4174 a
1021 4124 1029 4191 ll
1060 4122 1118 4190 ipse
1137 4128 1226 4188 onad
1261 4121 1270 4188 ll
1308 4121 1323 4174 5

253 4212 310 4266 adit
329 4232 359 4281 a3
383 4216 419 4267 At
437 4214 462 4266 id
482 4233 515 4281 ης
537 4215 569 4268 Id
588 4235 603 4285 ρ
639 4219 648 4281 tl
680 4214 831 4267 cohortatus
851 4231 873 4282 φ
