2886 4666
201 256 264 319 208
600 266 706 320 BELLI
725 264 865 320 GALLICI

200 432 423 512 censebantur,
446 448 663 512 numerusque
687 429 838 512 inibatur,
861 427 1012 511 praefecti
1032 427 1268 490 constitueban-

201 545 266 603 tur:
303 538 447 602 Commio
473 537 631 619 Atrebati,
663 536 864 598 Viridomaro
891 540 923 598 et
946 534 1156 617 Eporedorigi
1182 532 1268 597 Hae-

202 646 284 727 duis,
297 644 595 709 Vercassivellauno
610 644 765 724 Arverno,
782 642 973 706 consobrino
988 642 1268 724 Vercingetorigis
1384 724 1387 730 .

171 772 327 819 asumma
349 753 475 836 imperii
498 752 640 815 traditur.
687 751 738 814 his
766 750 879 814 delecti
907 768 948 812 ex
977 748 1158 812 civitatibus
1182 749 1269 811 attri-

175 858 360 940 abuuntur,
385 878 523 941 quorum
545 859 677 922 consilio
702 857 821 922 bellurn
837 856 1121 920 administraretur.
1159 875 1310 920 omnesne

173 966 323 1032 emacres
347 970 379 1029 et
400 964 536 1028 fiduciae
559 964 647 1047 pleni
671 965 711 1028 ad
727 965 868 1028 Alesiam
883 961 1141 1046 proficiscuntur,
1165 980 1269 1044 neque

204 1078 270 1136 erat
293 1073 438 1135 omnium
462 1072 645 1155 quisquam,
674 1072 730 1154 qui
753 1074 915 1153 aspectum
938 1070 1033 1132 modo
1057 1074 1164 1133 tantae
1188 1069 1270 1131 mul-

204 1179 353 1242 titudinis
381 1178 533 1242 sustineri
560 1197 652 1261 posse
681 1177 899 1257 arbitraretur,
926 1177 1111 1258 praesertim
1141 1177 1271 1259 ancipiti

204 1286 337 1368 proelio,
361 1305 436 1349 cum
460 1304 501 1349 ex
518 1286 633 1370 oppido
650 1285 816 1368 eruptione
832 1287 1040 1367 pugnaretur,
1063 1282 1141 1346 foris
1164 1288 1271 1347 tantae

205 1393 314 1476 copiae
339 1394 498 1474 equitatus
521 1392 744 1475 peditatusque
769 1395 982 1455 cernerentur.
1286 1408 1313 1450 20

150 1519 186 1572 *rr
295 1501 340 1563 At
361 1501 399 1581 ii,
428 1500 483 1581 qui
505 1497 633 1561 Alesiae
658 1497 896 1579 obsidebantur,
923 1498 1093 1579 praeterita
1115 1496 1179 1578 die,
1208 1515 1298 1578 quar

206 1607 328 1669 auxilia
351 1626 482 1670 suorum
507 1610 763 1688 expectaverant,
791 1609 978 1686 consumpto
1003 1605 1091 1666 omni
1113 1603 1271 1666 frumento

122 1780 125 1785 .
206 1713 313 1795 inscii,
338 1712 415 1794 quid
437 1713 472 1774 in
488 1710 631 1791 Haeduis
646 1716 822 1794 gereretur,
847 1710 981 1774 concilio
998 1715 1106 1774 coacto
1123 1710 1162 1774 de
1182 1711 1272 1773 exitu

179 1839 339 1886 asuerum
361 1818 561 1881 fortunarum
585 1816 814 1881 consultabant.
853 1819 1006 1881 aerariis
1031 1817 1123 1881 dietis
1147 1822 1273 1881 senten-

207 1926 273 2006 tiis,
298 1944 434 2007 quarum
449 1944 522 2007 pars
539 1923 747 2005 deditionem,
763 1944 848 2007 pars,
869 1924 946 1987 dum
962 1926 1046 1988 vires
1062 1928 1273 2007 suppeterent,
1287 1941 1300 1983 5

209 2032 408 2114 eruptionem
435 2030 596 2113 censebat,
624 2049 691 2094 non
718 2032 948 2114 praetereunda
976 2033 1074 2096 oratio
1099 2029 1274 2114 Critognati

208 2137 335 2201 videtur
358 2142 488 2221 propter
511 2139 580 2202 eius
603 2139 797 2223 singularem
821 2142 853 2202 et
870 2138 1024 2202 nefariam
1045 2137 1273 2201 crudelitatem.

179 2245 261 2313 ahio
289 2264 412 2307 summo
445 2246 479 2307 in
507 2245 664 2309 Arvernis
697 2249 785 2309 ortus
816 2245 888 2309 loco
921 2251 952 2309 et
982 2263 1116 2327 magnae
1147 2243 1274 2308 habitus

209 2352 406 2415 auctoritatis
438 2351 554 2433 ‘nihil’,
582 2352 701 2434 inquit,
730 2352 782 2416 ‘de
806 2371 918 2416 eorum
945 2352 1104 2415 sententia
1131 2352 1275 2414 dicturus

209 2478 294 2540 sum,
319 2459 375 2541 qui
399 2459 616 2541 turpissimam
639 2460 823 2522 servitutem
841 2459 1155 2524 deditionisnomine
1171 2459 1276 2541 appel·
1291 2474 1317 2515 10

208 2566 289 2647 lant,
313 2583 418 2646 neque
439 2565 496 2628 hos
512 2563 676 2628 habendos
696 2566 816 2628 civium
836 2567 907 2630 loco
924 2585 1029 2647 neque
1051 2565 1090 2627 ad
1106 2565 1275 2628 concilium

180 2671 407 2739 redhibendos
431 2690 551 2734 censeo.
591 2672 735 2734 cumbis
756 2672 835 2734 mibi
855 2691 905 2736 res
922 2677 980 2754 est,
1006 2673 1063 2754 qui
1079 2673 1276 2755 eruptionem

210 2777 357 2860 probant3
391 2797 528 2859 quorum
554 2780 589 2841 in
617 2778 749 2841 consilio
778 2780 922 2842 omniurn
949 2784 1092 2842 vestrum
1120 2797 1277 2841 consensu

181 2885 362 2967 rpristinae
385 2885 526 2948 residere
541 2885 671 2948 virtutis
693 2887 846 2949 memoria
861 2884 995 2948 videtur.
1031 2886 1131 2948 animi
1152 2889 1198 2948 est
1218 2886 1278 2948 ista

210 2991 357 3073 mollitia,
385 3010 452 3054 non
480 2993 594 3076 virtus,
622 2992 782 3075 paulisper
808 2993 949 3075 inopiam
975 2992 1057 3056 ferre
1084 3011 1150 3055 non
1176 3011 1277 3074 posse.
1292 3006 1318 3048 15

213 3099 268 3178 qui
296 3117 328 3159 se
358 3097 438 3161 ultro
471 3100 566 3162 morti
599 3099 744 3181 offerant,
775 3099 901 3162 facilius
933 3099 1149 3181 reperiuntur,
1183 3119 1279 3181 quam

302 3290 407 3343 11-13
426 3291 553 3358 praefecti
571 3292 799 3346 constituebantur
816 3291 946 3346 commius
965 3291 1082 3360 atrebas,
1103 3292 1279 3346 uiridomarus

212 3381 240 3433 et
258 3378 415 3448 eporedorix
432 3379 566 3446 haeduip
597 3381 606 3449 l
639 3382 672 3434 12
692 3381 853 3450 eporidorige
872 3401 889 3432 a
922 3382 930 3450 ΙΙ
964 3382 997 3435 13
1015 3381 1235 3435 uereassianeuno
1249 3400 1279 3448 a,

212 3467 431 3537 uergasilaunop
462 3473 471 3536 11
503 3469 659 3524 consubrino
679 3490 697 3522 a
728 3471 737 3540 11
770 3472 804 3523 14
823 3470 947 3540 1111111χ
978 3475 987 3539 tt
1019 3487 1054 3524 ex
1073 3470 1222 3541 (omnibus)
1243 3471 1280 3524 ci·

212 3557 339 3612 vitatibus
358 3557 422 3610 HM
448 3563 457 3628 tt
490 3559 524 3613 16
542 3559 673 3625 fiduciali
704 3561 713 3629 l
745 3559 837 3626 Necd
868 3561 877 3629 l
910 3562 942 3613 17
962 3562 1040 3615 modo
1059 3566 1148 3626 emp

223 3679 224 3682 =
303 3648 478 3704 taliter.
498 3649 526 3716 13
549 3647 627 3702 hiX
659 3649 668 3718 tt
705 3648 1000 3717 2suorumauxiliap
1041 3651 1050 3720 tt
1092 3648 1281 3720 3quongll

213 3736 357 3805 consiliog
393 3737 402 3806 ll
438 3740 582 3792 convocato
600 3738 710 3792 RScbrt.
748 3739 756 3807 11
793 3739 995 3793 lfortunmum
1018 3747 1163 3807 suarump
1198 3741 1206 3808 lt
1244 3742 1282 3793 Ac

214 3825 283 3892 abm3
302 3826 380 3894 Apud
399 3833 500 3895 quosp
522 3829 531 3896 l
553 3828 578 3879 4.
599 3829 615 3881 5
635 3827 772 3882 sententiis
792 3827 905 3896 dictisp
931 3829 940 3898 lt
968 3830 1148 3898 bquorump
1180 3829 1188 3897 l
1220 3829 1280 3882 6.7

213 3913 320 3966 uidetur
339 3915 420 3968 oratio
440 3915 612 3983 critognatip
653 3917 661 3984 l
702 3917 764 3969 iet
783 3935 812 3984 o3
831 3924 898 3984 acp
938 3921 947 3985 l
990 3919 1021 3971 ll
1042 3917 1182 3972 consilium
1201 3917 1281 3985 EHe3

216 4001 298 4056 Sabo.
331 4007 339 4070 lt
373 4004 413 4055 11.
435 4003 468 4056 12
487 4003 648 4058 adhibendos
666 4005 700 4058 ad
717 4005 894 4059 conciliumn
925 4011 934 4075 11
968 4007 1001 4060 12
1015 4007 1155 4073 estPaal3
1175 4006 1210 4060 sit
1227 4007 1258 4060 X
1274 4004 1282 4077 ll

212 4092 250 4144 ,14
268 4091 375 4144 uirtutis
394 4092 510 4146 residere
529 4111 551 4145 n
582 4095 591 4163 l
625 4095 657 4147 15
676 4093 787 4148 mollitia
804 4101 833 4161 a
853 4096 974 4151 molestia
993 4116 1010 4148 a
1042 4097 1051 4162 11
1082 4096 1198 4165 inopiam
1216 4111 1282 4165 pau-

214 4179 330 4249 lisperp
361 4180 370 4249 11
404 4181 437 4237 16
455 4182 641 4251 repperiuntur
661 4183 711 4252 Spq
729 4184 934 4254 re(p)periantur
953 4205 971 4238 a
