2886 4666
513 280 620 334 LIBER
640 281 671 333 V.
692 280 767 334 CAP.
788 281 910 336 16-20.
1183 266 1246 328 109

180 463 242 526 que
266 444 326 508 hoc
350 462 455 527 aegre,
479 444 607 506 transiri
630 449 740 526 potest.
780 463 817 508 eo
841 464 914 507 curn
930 446 1081 527 venisset,
1105 443 1275 510 animada

152 575 165 617 5
180 551 276 614 vertit
291 551 330 613 ad
344 550 475 614 alteram
489 550 633 615 fluminis
643 552 742 633 ripam
760 570 891 633 magnas
905 570 974 615 esse
988 553 1095 635 copias
1107 551 1248 614 hostium

179 659 358 721 instructas.
390 659 459 740 ripa
475 663 582 721 autem
598 662 665 721 erat
680 658 780 721 acutis
797 658 932 722 sudibus
948 659 1162 742 praefixisque
1177 679 1275 725 mu=a

178 766 258 847 nita,
282 764 492 847 eiusdemque
515 765 642 847 generis
666 764 725 827 sub
750 784 834 848 aqua
857 763 981 828 defixae
1005 766 1099 829 sudes
1115 764 1248 827 flumine

179 870 375 954 tegebantur.
399 871 448 934 his
464 871 561 934 rebus
577 872 712 954 cognitis
728 891 747 933 a
763 872 896 954 captivis
911 872 1117 956 perfugisque
1134 871 1276 938 ansarr

178 979 351 1061 praemisso
375 978 520 1060 equitatu
543 978 710 1041 confestim
726 977 865 1060 legiones
882 978 1036 1060 subsequi
1051 979 1152 1041 iussit.
1192 977 1248 1041 sed
1262 1005 1276 1047 5

139 1106 166 1150 10
180 1103 217 1148 ea
240 1085 398 1148 celeritate
423 1089 518 1166 atque
542 1103 579 1148 co
604 1085 726 1167 impetu
749 1085 868 1148 milites
896 1086 1016 1166 ierunt,
1045 1105 1119 1148 cum
1147 1085 1249 1167 capite

180 1192 247 1254 solo
271 1210 312 1254 ex
335 1211 417 1274 aqua
440 1196 598 1273 extarent,
623 1195 658 1254 ut
673 1191 780 1255 hostes
803 1192 957 1274 impetum
976 1192 1139 1275 legionmn
1155 1197 1251 1273 atque

148 1378 151 1382 λ
181 1298 325 1380 equitum
349 1299 506 1360 sustinere
529 1317 595 1361 non
613 1303 743 1381 possent
765 1299 915 1381 ripasque
938 1298 1134 1362 dimitterent
1156 1317 1193 1361 ac
1216 1317 1250 1361 se

153 1405 272 1488 rfugae
294 1405 491 1468 mandarent.
539 1403 811 1495 Cassivellaunus7
839 1410 877 1468 ut
899 1425 995 1488 supra
1023 1405 1305 1478 demonstravi-19

179 1531 266 1592 mus,
291 1512 378 1574 omni
403 1511 546 1594 deposita
569 1531 624 1594 spe
648 1513 862 1576 contentionis
881 1512 1020 1575 dimissis
1044 1511 1251 1595 amplioribus

180 1619 292 1702 copiis,
320 1617 451 1681 milibus
480 1618 606 1681 circiter
633 1617 700 1680 llll
728 1619 961 1682 essedariorum
989 1619 1107 1682 relictis
1135 1618 1252 1682 itinera

179 1733 288 1789 nostra
311 1725 457 1789 servabat
479 1726 675 1808 paulumque
700 1744 741 1788 ex
764 1727 816 1788 via
839 1725 1013 1790 excedebat
1027 1726 1170 1806 locisque
1192 1726 1251 1788 im·

153 1832 294 1915 speditis
319 1851 356 1894 ac
379 1831 581 1896 silvestribus
605 1852 674 1896 sese
698 1833 878 1897 occultabat
893 1839 989 1917 atque
1003 1834 1044 1896 iis
1060 1832 1251 1916 regionibus,

182 1939 298 2019 quibus
321 1958 380 2002 nos
403 1940 464 2002 iter
478 1940 616 2002 facturos
632 1944 837 2023 cognoverat,
863 1959 977 2023 pecora
996 1945 1091 2022 atque
1106 1940 1252 2002 homines

182 2065 223 2109 ex
246 2047 330 2129 agris
357 2047 392 2108 in
420 2047 516 2110 silvas
545 2047 754 2129 compellebat
782 2053 825 2130 et,
854 2066 927 2110 cum
956 2049 1117 2129 equitatus
1145 2051 1279 2114 nostera

181 2152 314 2216 liberius
337 2153 510 2236 praedandi
535 2153 744 2235 vastandique
768 2173 865 2217 causa
888 2172 921 2216 se
945 2155 979 2215 in
995 2173 1087 2236 agros
1111 2152 1252 2217 effunde-

182 2265 244 2341 ret,
269 2260 417 2323 omnibus
440 2260 503 2323 viis
527 2260 712 2342 semitisque
736 2260 910 2323 essedarios
927 2278 968 2322 ex
984 2259 1074 2323 silvis
1091 2259 1253 2322 emittebat

144 2383 171 2426 ro
185 2373 216 2430 et
238 2386 355 2450 magno
379 2387 453 2430 curn
475 2366 617 2450 periculo
643 2372 825 2431 nostrorum
849 2368 995 2448 equitum
1018 2366 1157 2430 cumbis
1179 2386 1252 2429 con·

183 2473 314 2557 iligebat
336 2479 432 2555 atque
461 2474 520 2537 hoc
543 2479 632 2537 metu
654 2474 749 2537 latius
777 2475 887 2557 vagari
914 2473 1110 2557 prohibebat.
1156 2472 1279 2540 reim-a

184 2579 355 2662 quebatur‚
378 2584 414 2643 ut
436 2599 543 2663 neque
566 2581 694 2663 longius
723 2580 761 2644 ab
786 2581 914 2664 agmine
940 2581 1103 2664 legionum
1133 2579 1252 2642 discedi

185 2686 300 2751 Caesar
322 2692 482 2770 pateretur
505 2692 536 2750 et
559 2691 682 2750 tantum
707 2687 764 2771 [in]
790 2688 874 2771 agris
897 2688 1059 2750 vastandis
1082 2685 1253 2750 incendiis-

185 2812 247 2874 que
278 2793 432 2856 faciendis
463 2793 607 2857 hostibus
639 2799 820 2877 noceretur‚
854 2799 1009 2875 quantum
1045 2791 1109 2878 <in>
1144 2792 1253 2856 labore

144 2917 171 2958 15
184 2905 280 2981 atque
303 2901 416 2963 itinere
439 2901 606 2983 legionarii
629 2901 745 2964 milites
770 2899 893 2964 efficere
917 2905 1069 2984 poterant.

158 3024 170 3066 1
273 3006 405 3070 Interim
434 3008 655 3088 (trinovantes,
684 3027 780 3091 prope
805 3006 987 3070 firmissima
1015 3025 1124 3070 earum
1151 3007 1253 3089 regio·
1272 3014 1309 3070 20

184 3133 264 3176 num
296 3115 420 3196 civitas,
453 3133 494 3198 ex
523 3128 587 3194 qua
618 3113 867 3178 Mandubracius
896 3113 1083 3196 adulescens
1111 3113 1254 3176 Caesaris

184 3219 281 3283 fidem
303 3225 431 3284 secutus
459 3220 596 3284 adeum
624 3221 898 3284 incontinentem
928 3219 1087 3304 [Galliam]
1116 3225 1253 3303 venerat,

274 3451 299 3502 4.
319 3452 334 3504 5
354 3449 540 3503 animaduertit
562 3449 625 3518 ota
649 3449 766 3503 animum
785 3450 900 3504 aduertit
918 3470 936 3502 n
977 3451 985 3518 ΗΗ
1027 3452 1043 3506 6
1062 3449 1186 3520 praefixis
1205 3467 1226 3519 φ
1246 3448 1254 3520 ΗΗ

186 3538 307 3592 fdefixe
326 3538 375 3591 sub
394 3546 497 3606 aquud
528 3539 537 3607 ΗΗ
568 3539 678 3593 81isu
710 3541 719 3608 ΗΗ
755 3538 872 3608 perfugis
892 3539 1057 3608 captiuisque
1069 3545 1086 3606 β
1122 3540 1130 3608 ΗΗ
1167 3537 1253 3607 9εθάΗ

186 3630 213 3681 et
236 3626 385 3680 WNr'tscbc
416 3628 425 3696 ΗΗ
458 3628 492 3682 10
511 3644 542 3682 eo
561 3634 650 3695 obad

276 3735 320 3789 19.
342 3737 355 3787 1
376 3733 572 3789 casiuellaunus
591 3734 624 3786 M
628 3734 671 3802 ²⁷¹3
696 3734 902 3789 casuuellaunus
927 3755 944 3786 α
984 3741 993 3803 Η
1035 3733 1051 3786 2
1070 3750 1117 3802 spo
1136 3733 1255 3802 deposito

180 3829 203 3890 ,d
233 3823 242 3891 Η
274 3824 375 3890 used
406 3823 414 3891 ΗΗ
446 3823 488 3877 his
506 3824 535 3891 fl
566 3825 575 3893 ΗΗ
606 3822 766 3878 dunstandi
784 3824 1017 3893 praedandiquefl
1048 3824 1056 3892 ΗΗ
1088 3824 1113 3877 8.
1133 3824 1149 3877 9
1169 3823 1254 3877 effun-

187 3912 261 3964 deret
278 3918 307 3979 β;
327 3912 425 3967 ciceret
444 3913 477 3981 83
496 3913 610 3967 eiecerat
629 3932 646 3963 α
679 3913 687 3980 ΗΗ
720 3913 882 3980 donrnesd
917 3914 926 3981 ΗΗ
963 3912 1022 3982 viis]
1043 3912 1111 3966 notis
1130 3911 1192 3965 add.
1211 3918 1229 3978 β
1246 3910 1254 3981 ΗΗ

188 3999 223 4054 10
240 4000 273 4054 iis
292 4020 309 4052 u
341 4003 350 4070 ΗΗ
383 4000 530 4055 minuet.
550 4000 645 4056 Defter
676 4003 685 4072 ΗΗ
718 4004 752 4055 14
771 4003 797 4055 in
816 4003 878 4056 add.
898 4001 995 4055 Deiter

275 4107 321 4164 20.
342 4111 355 4161 1
370 4109 533 4164 trinouantes
545 4116 574 4177 β;
593 4110 755 4164 trinobantes
769 4117 818 4164 aa·
844 4110 852 4179 ΗΗ
880 4109 1116 4164 Mandubracius
1130 4127 1160 4177 cr3
1179 4124 1255 4163 man·

186 4196 363 4265 drubuciusfl
394 4197 403 4266 Η
435 4199 451 4252 3
471 4197 584 4254 Galliam
603 4199 652 4253 dcl.
676 4199 765 4254 Cicer.
