2886 4666
535 289 642 344 LIBER
660 290 707 343 VJ.
727 289 803 343 CAP.
823 291 942 343 37-41.
1210 275 1271 336 157

204 453 350 516 celeriter
382 452 496 516 deiecti
529 472 562 516 se
594 454 630 515 in
657 453 750 536 signa.
776 453 1023 535 manipulosque
1051 453 1206 531 coicirmt3
1235 471 1273 516 eo

205 560 308 642 magis
331 559 461 623 timidos
484 564 662 642 perterrent
684 559 810 623 milites.
857 560 912 622 alii
931 577 1035 623 cuneo
1059 560 1140 622 facto
1163 565 1200 622 ut
1222 578 1301 622 ce·2

204 666 314 730 leriter
335 672 544 749 perrumpant
567 673 712 730 censent:
743 667 893 748 quoniam
917 671 981 728 tam
1004 668 1183 749 propinqua
1211 667 1276 729 sint

176 777 320 856 ecastra,
344 775 404 837 etsi
425 793 499 856 pars
522 774 630 854 aliqua
653 775 872 837 circumventa
894 774 1055 854 ceciderit,
1080 781 1112 835 at
1133 773 1275 854 reliquos

206 881 326 943 servari
348 899 441 963 posse
466 879 670 965 [confidunt];
696 880 763 961 alii,
787 885 825 943 ut
845 881 880 942 in
896 882 972 962 iugo
988 881 1162 943 consistant
1177 886 1301 962 atquea

206 987 345 1051 eundem
373 1006 484 1050 omnes
510 988 615 1051 ferant
643 1007 760 1050 casum.
806 987 867 1049 hoc
894 992 1019 1050 veteres
1046 1005 1111 1048 non
1138 987 1302 1070 probanti

205 1093 335 1176 milites,
360 1113 441 1176 quos
464 1094 523 1158 sub
547 1094 667 1157 vexillo
690 1113 758 1156 una
772 1094 928 1176 profectos
945 1094 1120 1157 docuimus.
1166 1096 1274 1177 itaque

205 1201 289 1265 iuter
311 1219 344 1263 se
368 1201 523 1264 cohortati
547 1201 628 1265 duce
652 1199 684 1263 O.
707 1201 878 1283 Trebonio,
902 1203 1009 1283 equite
1031 1201 1190 1282 Romane,
1219 1203 1275 1283 qui

165 1329 193 1372 ro
206 1308 246 1370 iis
268 1313 335 1370 erat
357 1311 569 1390 praepositus,
592 1327 649 1390 per
664 1307 785 1371 medios
800 1308 907 1371 hostes
924 1312 1137 1390 perrumpunt
1151 1308 1275 1371 incolu-

206 1433 339 1497 mesque
362 1416 402 1478 ad
427 1435 528 1478 unum
552 1433 662 1478 omnes
686 1417 721 1478 in
744 1420 848 1478 castra
870 1416 1073 1498 perveniunt.
1119 1416 1176 1478 hos
1200 1415 1301 1478 sub-a

206 1523 308 1585 secuti
332 1522 460 1585 calones
483 1523 669 1604 equitesque
698 1522 812 1585 eodem
838 1523 961 1604 impetu
987 1521 1127 1585 militum
1153 1522 1273 1585 virtute

206 1634 380 1692 servantur.
432 1635 464 1692 at
490 1631 526 1712 ii,
560 1631 616 1711 qui
643 1631 678 1691 in
705 1631 780 1712 iugo
809 1630 1031 1710 constiterant,
1057 1629 1148 1692 nullo
1176 1629 1301 1691 etiams

206 1755 293 1798 nunc
315 1755 376 1799 usu
399 1738 446 1800 rei
470 1736 617 1800 militaris
639 1742 786 1819 percepto
809 1754 916 1818 neque
935 1738 970 1798 in
990 1755 1027 1800 eo
1052 1736 1138 1817 quod
1162 1735 1275 1818 proba-

165 1847 320 1905 reuerent
345 1843 478 1906 consilio
501 1862 698 1926 permanere,
723 1850 760 1906 ut
782 1862 816 1906 se
845 1843 915 1906 loco
940 1844 1102 1926 superiore
1126 1841 1275 1906 defende-

206 1954 290 2031 rent,
313 1969 418 2032 neque
441 1970 524 2032 eam,
550 1970 646 2032 quam
668 1951 825 2033 profuisse
841 1951 911 2014 aliis
927 1951 994 2012 rim
1019 1951 1276 2032 celeritatemque

206 2056 365 2141 viderant,
388 2058 507 2119 imitari
529 2063 715 2140 potuerunt,
739 2058 796 2120 sed
819 2077 853 2120 se
875 2061 910 2119 in
934 2063 1035 2120 castra
1059 2059 1201 2140 recipere
1225 2076 1277 2120 co·

206 2163 275 2227 nati
298 2165 448 2245 iniquum
470 2166 505 2227 in
528 2165 634 2227 locum
658 2165 862 2227 demiserunt.
901 2166 1115 2245 centuriones,
1140 2183 1304 2245 quorumr

207 2289 272 2333 non
295 2270 377 2332 nulli
401 2290 442 2332 ex
463 2270 668 2334 inferioribus
693 2270 858 2333 ordinibus
886 2271 1084 2351 reliquarum
1112 2270 1277 2353 legionum

164 2395 194 2438 ao
207 2378 336 2440 virtutis
359 2397 454 2441 causa
476 2380 511 2440 in
535 2379 712 2461 superiores
742 2382 832 2440 erant
860 2378 989 2440 ordines
1017 2378 1114 2440 huius
1142 2378 1277 2460 legionis

208 2485 358 2566 traducti,
382 2504 423 2548 ne
447 2491 519 2549 ante
543 2491 666 2568 partem
689 2486 736 2548 rei
758 2485 905 2547 militaris
932 2484 1060 2547 laudem
1088 2486 1276 2566 amitterent,

207 2591 376 2655 fortissime
408 2597 589 2675 pugnantes
621 2592 838 2655 conciderunt
888 2591 1028 2654 militum
1061 2611 1133 2673 pars
1160 2591 1303 2653 horuma

208 2700 326 2762 virtute
349 2700 505 2762 submotis
529 2700 675 2762 hostibus
694 2704 820 2782 praeter
836 2718 924 2781 spem
938 2699 1110 2760 incolumis
1125 2698 1160 2759 in
1176 2704 1278 2760 castra

181 2807 367 2888 rpervenit,
399 2826 471 2888 pars
504 2827 523 2867 a
553 2806 696 2868 barbaris
730 2807 946 2869 circumventa
974 2784 1075 2888 periit.
1128 2804 1278 2867 Germani
1295 2816 1330 2868 41

210 2912 375 2994 desperata
398 2914 635 2996 expugnatione
659 2919 846 2995 castrorum,
870 2912 955 2994 quod
974 2916 1099 2975 nostros
1115 2913 1179 2973 iam
1202 2930 1278 2974 con-

209 3020 326 3083 stitisse
350 3021 384 3082 in
407 3020 641 3082 munitionibus
664 3020 829 3100 ridebant,
858 3039 931 3082 cum
959 3038 996 3081 ea
1024 3019 1152 3101 praeda,
1182 3037 1277 3099 quem

208 3128 243 3187 in
266 3126 355 3189 silvis
380 3127 602 3210 deposuerant,
625 3131 713 3189 trans
736 3126 884 3189 Rhenum
908 3144 976 3189 sese
1000 3131 1197 3208 receperunt.
1240 3144 1305 3189 aea

180 3238 317 3296 etentes
340 3234 400 3296 fuit
429 3235 525 3297 etiam
552 3237 624 3317 post
653 3234 827 3297 discessum
854 3233 994 3296 hostium
1026 3238 1140 3315 terror,
1172 3239 1209 3295 ut
1242 3251 1279 3296 ea

211 3347 301 3404 nocte
326 3361 399 3403 cum
428 3339 459 3403 Ο.
484 3340 668 3427 Volusenus
695 3343 812 3403 missus
841 3360 915 3403 cum
943 3341 1086 3421 equitatu
1114 3341 1147 3401 in
1177 3344 1278 3402 castra

210 3449 360 3526 venisset,
386 3447 482 3510 fidem
497 3467 563 3510 non
579 3448 695 3510 faceret
711 3448 821 3511 adesse
837 3467 911 3511 oum
933 3447 1088 3510 ineolumi
1111 3445 1279 3509 Caesarem

209 3591 424 3598 -—-.-—-

301 3677 362 3729 2111
381 3677 456 3745 signa
474 3685 538 3744 seft
570 3679 578 3746 1
615 3678 804 3742 betsied.1‚
830 3677 924 3739 Saluo,
948 3676 1072 3743 JLonqe3
1096 3675 1164 3729 etsi
1183 3675 1251 3743 X(?)
1271 3675 1279 3747 1

209 3767 381 3819 (icontidunt
399 3767 448 3819 del.
468 3766 580 3834 Jtanye
612 3769 620 3834 11
657 3767 691 3820 10
709 3767 740 3818 iis
760 3767 809 3833 ab,
834 3767 871 3818 eis
891 3784 920 3831 α;
944 3766 984 3818 his
1003 3765 1032 3833 fl
1072 3768 1081 3832 1
1123 3765 1157 3817 12
1176 3766 1279 3833 equites

209 3856 368 3923 calonesque
387 3863 403 3921 β
435 3857 443 3923 1
477 3858 509 3908 13
529 3862 556 3909 at
574 3856 592 3907 ii
612 3856 656 3923 qui
675 3855 742 3921 Bm
761 3859 789 3908 at
806 3856 865 3923 11111)
885 3856 928 3922 qui
943 3855 998 3924 χῶ
1018 3859 1097 3922 atque
1110 3855 1128 3906 ii
1147 3874 1175 3924 93
1194 3857 1222 3908 at
1234 3856 1279 3923 qui

211 3964 233 3995 π
265 3946 274 4013 1
306 3946 510 4011 constiteruntd
542 3948 550 4012 1
584 3946 616 3998 16
630 3946 754 4012 prodesse
768 3964 784 3995 c
817 3946 825 4011 11
860 3947 891 3996 1ῖ
906 3947 1045 4011 potuerant
1058 3947 1189 4012 (poteraut
1203 3945 1278 4012 Sum)

211 4054 229 4084 α
261 4037 270 4098 11
304 4034 336 4087 18
355 4035 383 4086 in
402 4052 454 4087 oon.
476 4035 513 4100 Sd
544 4036 552 4102 1
585 4035 742 4087 dimiserunt
762 4033 862 4103 8111ραῦ
900 4034 908 4099 1
946 4034 977 4086 21
999 4036 1142 4103 portamq
1178 4035 1186 4102 1
1223 4032 1279 4086 lau-

209 4124 272 4176 dem
290 4124 327 4175 rei
347 4123 467 4176 militaris
485 4132 502 4191 β

300 4214 517 4281 41.4ntsq
550 4214 749 4279 diomede
