2886 4666
227 249 290 310 228
616 261 722 315 BELLI
740 262 883 316 GALLICI

197 449 211 492 o
226 429 365 510 possent,
386 425 450 488 talc
466 425 635 488 consilium
655 426 704 488 sui
720 425 894 508 recipiendi
914 428 1072 507 ceperunt.
1106 423 1206 487 fasces
1223 423 1292 508 [nbi

226 531 447 613 consederant,
468 550 608 614 namque
631 533 666 594 in
689 533 757 595 acie
781 531 890 596 sedere
915 531 1022 596 Gallos
1046 549 1216 594 consuesse
1240 552 1292 594 su-

225 638 405 723 perioribus
428 639 664 702 commentariis
688 621 881 701 declaratum
905 644 964 719 est,
987 656 1044 721 per
1063 636 1189 721 manus]
1214 642 1291 700 stra-

226 751 407 808 mentorum
430 765 467 808 ac
485 745 710 828 virgultorum,
734 764 869 828 quorum
894 765 1019 809 summa
1043 751 1110 808 erat
1131 746 1292 808 incastris

227 853 329 936 copia,
353 854 436 915 inter
458 871 491 915 se
507 852 639 916 traditos
656 857 729 916 ante
745 853 847 915 aciem
862 853 1068 915 conlocarunt
1084 857 1293 934 extremoque
1308 878 1335 919 ra

226 964 367 1042 tempore
392 958 455 1022 diei
478 961 569 1042 signo
593 961 798 1043 pronuntiato
822 952 889 1021 uno
911 964 1051 1041 tempore
1073 959 1293 1022 incenderunt.

199 1066 272 1131 cita
299 1068 466 1130 continens
493 1065 621 1128 flamma
648 1067 755 1148 copias
783 1085 893 1129 omnes
920 1071 1049 1149 repente
1077 1086 1096 1128 a
1121 1072 1294 1148 conspectu

227 1174 307 1236 texit
328 1173 554 1236 Romanorum.
594 1171 679 1255 quod
702 1172 759 1235 ubi
782 1172 909 1254 accidit,
932 1172 1059 1236 barbari
1082 1174 1294 1236 vehementis-

173 1294 210 1349 1e
227 1281 307 1342 simo
335 1298 432 1342 cursu
458 1279 653 1362 refugerunt
700 1277 826 1362 Caesar,
859 1281 918 1343 etsi
951 1280 1126 1344 discessum
1155 1282 1321 1346 hostiumr

229 1387 480 1450 animadvertere
507 1405 575 1449 non
602 1391 725 1469 poterat
751 1387 910 1451 incendiis
937 1388 1104 1470 oppositis,
1133 1393 1238 1450 tamen
1261 1387 1294 1449 id

228 1494 398 1556 consilium
421 1512 495 1556 cum
517 1492 612 1576 fugae
635 1513 732 1557 causa
754 1494 872 1556 initum
895 1495 1123 1576 suspicaretur,
1151 1494 1295 1576 legiones

228 1606 406 1682 promovet,
438 1605 559 1664 turmas
591 1601 688 1663 mittit
719 1599 759 1662 ad
791 1600 1039 1682 insequendum3
1073 1600 1142 1683 ipse
1176 1601 1295 1664 veritus

229 1707 374 1786 insidiae,
402 1726 443 1769 ne
469 1707 549 1770 forte
577 1709 613 1769 in
641 1707 752 1771 eodem
780 1707 851 1769 loco
879 1707 1051 1770 subsistere
1078 1707 1177 1769 hostis
1200 1713 1323 1788 atquea

230 1813 345 1876 elicere
367 1819 492 1877 nostros
515 1814 550 1875 in
573 1814 679 1877 locum
703 1818 873 1877 conaretur
894 1814 1055 1896 iniquum,
1080 1813 1200 1876 tardius
1223 1833 1296 1897 pro-

201 1920 321 1983 acedit.
368 1921 490 2002 equites
514 1939 588 1983 curn
611 1921 729 1983 intrare
751 1921 877 1983 fumum
906 1925 937 1982 et
961 1919 1123 1983 flammam
1146 1921 1296 1983 densissi-

229 2045 315 2089 mam
339 2028 488 2090 timerent
506 2046 555 2110 ac,
579 2028 606 2091 si
624 2029 680 2109 qui
694 2027 843 2111 cupidius
857 2030 1066 2108 intraverant,
1091 2029 1147 2089 vix
1164 2047 1296 2091 suorum

228 2133 291 2216 ipsi
306 2134 427 2216 priores
442 2138 547 2217 partes
562 2134 851 2197 animadverterent
866 2153 1038 2217 equorum,
1055 2134 1187 2198 insidias
1204 2135 1296 2196 veriti

202 2240 363 2304 aliberam
385 2240 568 2304 facultatem
591 2241 642 2304 sui
660 2242 835 2326 recipiendi
850 2241 1028 2304 Bellovacis
1048 2241 1213 2304 dederunt.
1252 2241 1297 2304 ita
1311 2263 1338 2304 ro

229 2347 304 2431 fuga
319 2348 442 2410 timoris
458 2348 554 2410 simul
569 2347 814 2429 calliditatisque
829 2347 924 2430 plena
939 2348 1008 2410 sine
1024 2347 1090 2410 ullo
1108 2348 1296 2410 detrimento

229 2454 320 2516 milia
346 2473 411 2517 non
440 2455 576 2538 amplius
603 2453 636 2516 X
663 2454 823 2537 progressi
850 2454 955 2517 hostes
982 2455 1052 2517 loco
1080 2455 1296 2517 munitissimo

202 2567 333 2624 acastre
363 2567 546 2645 posuerunt
600 2561 676 2622 inde
709 2579 782 2623 cum
817 2580 909 2643 saepe
943 2563 978 2623 in
1012 2561 1139 2624 insidiis
1174 2562 1298 2642 equites

230 2668 416 2750 peditesque
454 2667 671 2750 disponerent,
706 2687 821 2750 magna
859 2667 1048 2730 detrimenta
1079 2668 1231 2732 Romanis
1263 2671 1298 2730 in

177 2790 211 2843 17
230 2774 489 2858 pabulationibus
511 2774 697 2837 inferebant.
744 2773 836 2850 Quod
865 2794 939 2837 curn
967 2774 1108 2838 crebrius
1132 2777 1324 2856 accideret,r

232 2882 420 2964 exceptive
445 2881 584 2963 quodam
607 2882 761 2966 comperit
784 2880 899 2944 Caesar
923 2880 1088 2963 Correum,
1113 2882 1297 2946 Bellovaco-

230 3008 304 3051 rum
331 2987 458 3069 ducem,
490 2989 734 3051 fortissimorum
766 2988 856 3050 milia
883 3007 940 3052 sex
969 2989 1112 3070 peditum
1145 2989 1299 3071 delegisse

233 3097 420 3177 equitesque
452 3113 493 3157 ex
521 3095 609 3157 omni
641 3113 773 3157 numero
802 3094 901 3178 mille,
935 3114 1014 3177 quos
1042 3097 1076 3157 in
1104 3095 1232 3158 insidiis
1261 3116 1298 3159 eo

323 3343 363 3394 11.
385 3342 418 3394 12
437 3342 482 3395 ubi
495 3342 669 3395 consederant
679 3349 707 3409 β;
726 3344 757 3395 ut
769 3346 965 3396 consueuerant
977 3362 1008 3409 a,
1027 3344 1076 3396 del.
1097 3343 1182 3396 Ve'clb.
1215 3343 1222 3414 ll
1256 3344 1297 3396 12.

234 3433 267 3485 13
285 3447 399 3500 namque
419 3471 531 3484 .......
551 3431 712 3484 declaratum
730 3434 772 3484 est
789 3432 839 3484 dcl.
865 3432 961 3494 Wcsse
997 3434 1005 3501 ll
1043 3433 1076 3485 12
1095 3449 1192 3503 namq
1224 3435 1232 3501 tt
1265 3435 1298 3487 13

232 3520 426 3574 commentariis
438 3526 467 3587 βς
480 3520 674 3573 commentariis
686 3521 801 3574 caesaris
815 3539 832 3572 α
858 3521 866 3586 ΙΙ
893 3522 926 3574 13
936 3538 984 3590 per
996 3538 1091 3576 manus
1104 3522 1153 3575 del.
1169 3521 1279 3575 Dacbrrc
1292 3520 1299 3592 ll

235 3612 267 3664 15
286 3609 483 3664 collocauerunt
500 3615 518 3676 β

322 3717 367 3772 16.
387 3716 403 3769 2
422 3715 540 3769 animum
559 3717 730 3786 aduertere(t)
749 3735 784 3787 po
810 3718 818 3786 tl
846 3717 1048 3786 apremonte
1072 3719 1080 3786 ΙΙ
1103 3721 1206 3771 turmas
1219 3718 1302 3770 mittit

233 3824 323 3859 cmc
364 3807 372 3875 [1
413 3806 648 3876 εᾱχβςθὴεᾰφ
689 3806 697 3874 lt
739 3807 1023 3876 beodemc03eon
1063 3809 1072 3876 ll
1114 3808 1301 3873 7fumumfl3

233 3911 369 3948 summurn
387 3896 480 3964 iugum
499 3914 516 3946 α
556 3896 565 3963 Η
607 3897 631 3948 7.
650 3894 667 3947 8
685 3895 809 3948 timerent
832 3895 1017 3949 densissimam
1035 3916 1057 3948 π
1098 3899 1106 3966 lt
1148 3898 1301 3951 9animum

233 3985 403 4037 aduerterent
421 4002 456 4054 (ro
488 3985 496 4053 Η
530 3986 560 4037 11
582 3984 714 4052 simulque
734 3983 884 4037 calliditatis
903 4003 922 4037 c

323 4094 368 4146 17.
389 4091 549 4145 scorteum
569 4111 586 4142 α
618 4094 627 4157 tt
659 4092 683 4144 3.
703 4094 721 4143 4
739 4092 894 4161 equitesque
913 4092 1073 4163 delegisses
1105 4095 1113 4163 l
1145 4094 1301 4162 lquosin-

177 4200 180 4205 ·
234 4180 342 4247 είάίίεβ
