2886 4666
190 244 253 304 222
590 258 694 311 BuLLi
714 257 856 312 GALLICI

188 440 260 483 rum
272 440 370 483 causa
379 421 615 501 remansissent,
629 458 671 466 —
685 440 825 504 namque
842 440 910 484 esse
927 420 1069 503 undique
1086 423 1261 506 diligenter

190 527 414 609 demigratum,
439 565 481 573 —
510 528 567 590 sed
590 528 646 609 qui
669 528 854 610 speculandi
878 548 974 591 causa
998 533 1102 592 essent
1125 531 1257 593 remissi.

161 655 207 698 aa
231 634 351 714 quibus
374 653 447 696 oum
472 638 638 715 quaereret
661 633 788 716 Caesar,
812 655 875 717 quo
895 635 964 698 loco
984 636 1155 699 multitudo
1176 642 1259 700 esset

188 741 430 804 Bellovacorum
456 740 581 822 quodve
609 745 691 804 esset
714 742 883 804 consilium
908 761 1031 823 eorum,
1059 744 1254 807 inveniebat:
1271 768 1302 809 ro

160 871 174 911 4
188 847 375 911 Bellovacos
391 866 514 929 omnes,
540 849 593 929 qui
614 868 700 910 arma
719 848 800 911 ferre
816 853 958 930 possent,
982 851 1016 911 in
1032 869 1133 912 unum
1148 849 1256 912 locum

189 956 390 1036 convenisse,
413 955 556 1037 itemque
580 954 768 1037 Ambianos,
792 955 962 1037 Aulercos,
987 955 1124 1037 Caletos,
1149 956 1257 1019 Velio-

188 1081 305 1144 casseS,
328 1061 517 1140 Atrebates,
534 1062 641 1124 locum
665 1063 776 1125 castris
793 1063 954 1126 excelsum
975 1064 1009 1124 in
1026 1062 1107 1125 silva
1122 1064 1256 1126 circum-

189 1170 261 1232 data
288 1169 404 1252 palude
433 1168 601 1250 delegisse,
633 1168 861 1251 impedimenta
890 1171 998 1232 omnia
1024 1171 1058 1231 in
1088 1169 1256 1232 ulteriores

188 1276 283 1339 silvas
308 1276 486 1339 contulisse.
525 1274 704 1359 complures
729 1271 798 1339 esse
820 1270 981 1360 principes
1004 1276 1081 1340 belli
1101 1282 1256 1359 auctores
1271 1299 1301 1341 15

188 1384 244 1446 sed
269 1382 505 1446 multitudinem
534 1383 672 1445 maxime
702 1382 818 1445 Correo
848 1378 1077 1467 obtemperare,
1111 1385 1198 1468 quod
1226 1385 1256 1447 ei

187 1510 312 1553 summo
345 1509 414 1553 esse
448 1489 520 1552 odio
553 1508 670 1553 nomen
703 1490 815 1573 populi
847 1489 983 1554 Romani
1015 1493 1256 1572 intellexissent.

160 1598 298 1681 apaucis
327 1602 398 1659 ante
426 1595 540 1659 diebus
572 1615 614 1660 ex
647 1597 696 1659 his
724 1597 836 1660 castris
863 1598 1046 1661 Atrebatem
1076 1596 1256 1660 Commium

189 1700 371 1768 discessisse
404 1704 444 1765 ad
472 1705 594 1766 auxilia
622 1704 855 1766 Germanorum
884 1703 1080 1784 adducenda,
1118 1723 1254 1785 quorum

160 1816 220 1874 oet
247 1811 394 1873 vicinitas
421 1812 601 1894 propinqua
629 1815 660 1872 et
687 1811 860 1873 multitudo
889 1815 972 1872 esset
998 1810 1129 1872 infinita.
1180 1829 1255 1873 con·
1270 1831 1302 1873 ao

187 1918 327 1980 stituisse
356 1921 462 1979 autem
489 1917 674 1980 Bellovacos
706 1919 849 1981 omnium
879 1918 1060 2001 principum
1089 1936 1257 1999 consensu,

188 2043 314 2087 summa
345 2023 448 2106 plebis
480 2022 664 2106 cupiditate,
697 2026 737 2102 si,
771 2029 807 2086 ut
834 2024 1006 2105 diceretur,
1040 2022 1153 2086 Caesar
1182 2043 1255 2086 cum

187 2130 289 2194 tribus
316 2129 498 2214 legionibus
526 2131 661 2212 veniret,
690 2150 723 2194 se
748 2130 860 2194 offerre
889 2131 929 2193 ad
957 2130 1186 2211 dimicandum,
1214 2150 1256 2194 ne

187 2239 352 2301 miseriore
376 2258 413 2301 ac
436 2237 564 2300 duriore
587 2241 695 2319 postea
718 2237 908 2300 condicione
931 2257 1004 2300 oum
1027 2242 1092 2300 toto
1110 2239 1255 2300 exercitu

160 2345 349 2408 adecertare
373 2347 575 2427 cogerentur3
609 2344 636 2406 si
659 2344 795 2407 maiores
819 2344 925 2426 copias
949 2343 1130 2424 adduceret,
1158 2345 1192 2406 in
1217 2363 1253 2407 eo
1269 2361 1300 2403 25

186 2454 256 2515 loco
288 2469 487 2534 permanere,
525 2468 620 2533 quem
660 2449 863 2533 delegissent,
900 2450 1103 2533 pabulatione
1139 2455 1255 2532 autem,

188 2579 268 2640 quae
291 2563 420 2642 propter
444 2557 521 2620 anni
544 2562 668 2640 tempus
692 2577 766 2620 cum
785 2558 903 2641 exigua
926 2563 994 2619 tum
1014 2557 1146 2620 disiecta
1163 2563 1255 2638 esset,

187 2670 218 2728 et
232 2665 477 2728 frumentatione
501 2670 531 2728 et
551 2665 675 2747 reliquo
692 2668 871 2727 commeatu
887 2682 927 2726 ex
944 2664 1070 2726 insidiis
1086 2663 1254 2747 prohibere
1341 2724 1344 2729 .

151 2771 354 2836 8Romanos.
395 2769 483 2845 Quae
503 2769 617 2834 Caesar
640 2771 913 2834 consentientibus
935 2770 1081 2854 pluribus
1105 2791 1178 2833 cum
1202 2790 1254 2834 co·
1269 2790 1284 2830 r.

185 2884 314 2962 gnosset
336 2884 431 2960 atque
455 2897 505 2960 ea,
534 2896 615 2959 quae
634 2882 898 2960 proponerentur,
922 2877 1054 2940 consilia
1069 2878 1164 2960 plena
1179 2899 1254 2960 pru-

186 2986 311 3047 dentiae
344 2985 503 3067 longeque
536 3006 553 3048 a
583 2985 759 3048 temeritate
791 2984 998 3048 barbarorum
1031 2990 1152 3047 remota
1186 3005 1255 3048 esse

184 3090 351 3171 iudicaret,
369 3091 517 3154 omnibus
533 3091 630 3155 rebus
645 3091 886 3154 inserviendum
902 3092 1021 3170 statuit,
1038 3111 1101 3173 quo
1118 3092 1255 3155 celerius

158 3197 290 3258 ahostes
314 3201 493 3280 contempta
520 3218 579 3262 sua
601 3198 760 3280 paucitate
783 3199 948 3280 prodirent
974 3198 1008 3259 in
1033 3199 1142 3261 aciem.
1189 3199 1285 3262 sin-e

273 3371 392 3426 Soausa
411 3390 441 3440 a,
464 3372 581 3442 gratiass
617 3374 625 3443 ΗΗ
662 3373 790 3426 9caesar
807 3389 867 3426 cum
887 3376 1043 3441 quereretp
1079 3375 1088 3442 l
1124 3375 1158 3428 10
1176 3375 1254 3428 inue-

184 3461 273 3515 niebat
292 3479 322 3528 ας
346 3462 554 3531 cognoscebatss
590 3462 598 3526 ΗΗ
637 3461 670 3514 12
689 3461 811 3515 aulurcos
832 3481 849 3513 a
886 3461 894 3529 ΗΗ
932 3463 1255 3530 12.13ueliocassisu;

184 3550 356 3604 uelliooasses
376 3570 398 3602 π
430 3552 438 3620 ΗΗ
476 3553 508 3604 13
527 3551 660 3604 atrebatas
679 3570 714 3621 φ;
733 3551 865 3604 atrebates
884 3551 922 3618 A3
946 3552 1071 3605 atrebatis
1094 3552 1128 3616 Οἱ
1165 3553 1173 3621 ΗΗ
1211 3554 1255 3606 13.

185 3640 219 3692 14
238 3640 433 3694 circumdatum
451 3640 481 3694 a'la
511 3641 520 3708 ΗΗ
553 3640 587 3692 14
606 3640 694 3693 omnia
712 3639 935 3708 impedimentafl
966 3643 975 3711 ΗΗ
1008 3642 1041 3694 15
1059 3643 1179 3694 auctores
1191 3640 1254 3694 belli

182 3737 200 3796 β
231 3734 239 3797 ΗΗ
273 3731 306 3784 16
326 3729 480 3784 corbeoM²
511 3729 519 3797 ΗΗ
552 3729 586 3784 18
599 3730 753 3784 Atrebatem
765 3746 817 3782 om.
830 3736 848 3796 β
879 3731 888 3795 ΗΗ
920 3729 954 3782 22
967 3728 1082 3798 plebeip
1113 3730 1121 3797 l
1153 3745 1255 3795 caesar,

183 3822 213 3872 ut
232 3819 400 3883 dicereturd
431 3820 439 3886 l
471 3818 504 3872 23
523 3819 648 3872 offerrent
668 3835 696 3872 se
716 3836 745 3885 a,
765 3833 823 3871 sese
843 3819 973 3885 offerrep
1006 3819 1015 3887 ΗΗ
1052 3818 1086 3870 24
1104 3817 1256 3871 conditione

183 3910 310 3975 posteat?
342 3909 350 3978 ΗΗ
384 3908 417 3963 25
435 3907 461 3960 in
478 3915 507 3975 fl,
527 3909 554 3960 et
571 3908 599 3960 in
619 3927 636 3959 a
668 3908 677 3976 l
709 3907 743 3961 26
762 3910 931 3976 permaneret
950 3927 967 3958 α
994 3908 1002 3977 ΗΗ
1027 3905 1256 3974 Ραδιιῑαῒὶοηθιηβ

272 3997 300 4052 8.
326 3999 339 4049 1
365 4014 425 4051 oum
448 3997 672 4050 consentientibus
696 3996 882 4065 (sentientibus
901 3997 926 4067 ρ)
950 3995 1071 4064 pluribus
1093 4001 1111 4061 β
1145 3999 1154 4063 ΗΗ
1192 3996 1215 4047 1.
1236 3995 1256 4047 2

184 4086 354 4155 cognouisset
373 4087 410 4154 Sp
440 4087 448 4154 ΗΗ
479 4085 595 4139 Arabus
614 4093 703 4153 onafl
734 4088 742 4155 l
775 4086 917 4155 bhostisg
948 4085 957 4152 Η
989 4092 1077 4152 suafl3
1097 4100 1205 4138 suarum
1217 4102 1256 4154 φ;

183 4190 292 4228 suorum
306 4175 366 4244 gB²
396 4179 404 4243 ΗΗ
435 4173 553 4242 prodiret
572 4194 590 4226 α
