2886 4666
528 335 636 388 LIBER
653 335 702 388 III.
723 335 799 390 olP.
819 335 932 390 alt-29.
1223 322 1263 382 75

162 499 338 563 sceleriter
370 498 484 561 confici
520 518 612 581 posse
651 517 687 561 eo
723 500 900 562 exercitum
933 497 1040 576 duxit3
1080 499 1135 587 qui
1167 499 1263 581 longe

194 606 256 668 alia
287 606 409 668 ratione
441 624 477 667 ac
513 605 630 687 reliqui
665 604 748 667 Galli
780 605 900 668 bellum
938 623 1047 688 gerere
1080 610 1263 687 coeperunt.

193 732 269 775 nam
293 713 378 793 quod
402 705 631 796 intellegebant
658 712 814 774 maximas
843 713 1002 792 nationes,
1032 731 1113 793 quae
1142 711 1292 793 proelior

194 818 447 899 contendissent,
483 819 591 901 pulsas
629 823 855 901 superatasque
892 837 960 881 esse
999 819 1264 900 continentesque

193 926 289 989 silvas
313 946 350 988 ac
373 925 505 1009 paludes
528 925 701 1006 habebant,
725 944 762 988 ec
787 944 820 988 se
844 945 966 1007 suaque
992 927 1099 987 omnia
1123 926 1264 988 contule-

150 1055 180 1098 ro
194 1038 276 1095 runt.
323 1033 362 1095 ad
388 1052 523 1115 quarum
546 1033 674 1094 initium
698 1032 852 1095 silvarum
876 1051 950 1094 cunr
973 1031 1087 1098 Caesar
1102 1033 1292 1114 pervenis-3

194 1143 242 1202 set
265 1147 430 1220 castraque
452 1139 578 1201 munire
593 1140 783 1202 instituisset
799 1158 903 1220 neque
919 1138 1019 1202 hostis
1031 1139 1159 1202 interim
1177 1139 1265 1201 visus

194 1252 288 1328 esset,
312 1246 464 1328 dispersis
487 1247 520 1308 in
545 1265 638 1328 opere
662 1247 778 1308 nostris
802 1246 906 1308 subito
931 1265 972 1309 ex
996 1245 1145 1308 omnibus
1169 1246 1264 1328 parti-

194 1350 254 1415 bus
282 1353 382 1416 silvae
410 1352 618 1416 evolaverunt
651 1357 682 1416 et
714 1353 747 1414 in
775 1358 900 1415 nostros
928 1353 1084 1435 impetum
1111 1354 1263 1415 fecerunt.

194 1460 295 1522 nostri
318 1460 464 1523 celeriter
487 1479 573 1523 arma
590 1465 743 1542 ceperunt
766 1478 884 1540 eosque
907 1461 942 1521 in
965 1459 1061 1522 silvas
1077 1459 1292 1542 repulerunta

150 1588 180 1631 15
194 1572 227 1630 et
249 1566 467 1650 compluribus
490 1567 664 1630 interfectis
688 1566 815 1650 longius
839 1565 1092 1649 impeditioribus
1115 1567 1192 1629 locis
1216 1586 1264 1629 se-

154 1698 167 1737 1
195 1675 261 1737 cuti
283 1693 401 1757 paucos
426 1692 465 1737 ex
490 1675 557 1737 suis
574 1673 832 1756 deperdiderunt.
871 1673 1015 1755 Reliquis
1033 1674 1181 1756 deinceps
1198 1672 1263 1736 die·
1282 1687 1319 1742 29

196 1780 255 1844 bus
280 1779 393 1844 Caesar
416 1781 512 1843 silvas
536 1782 668 1844 caedere
692 1781 844 1867 instituit,
868 1786 900 1844 et
922 1800 964 1844 ne
989 1781 1062 1862 quis
1086 1780 1264 1843 inermibus

194 1888 516 1970 imprudentibusque
539 1888 697 1952 militibus
720 1889 759 1951 ab
783 1890 879 1952 latere
903 1881 1041 1970 impetus
1064 1888 1134 1950 fieri
1150 1893 1264 1971 posset,

195 2013 321 2057 omnem
352 2014 421 2057 eam
448 1996 627 2076 materiam,
661 2015 742 2076 quae
771 2000 839 2058 erat
866 1984 986 2076 caesa,¹
1006 2014 1193 2058 conversam
1225 1995 1265 2057 ad

148 2123 166 2164 a
194 2101 318 2164 hostem
342 2101 527 2164 conlocabat
550 2108 581 2164 et
603 2122 660 2184 pro
684 2103 768 2164 vallo
785 2103 824 2165 ad
844 2108 1016 2184 utrmnque
1037 2103 1120 2164 latus
1137 2107 1265 2165 extrue-

194 2208 255 2271 bat.
295 2207 476 2271 incredibili
500 2209 661 2272 celeritate
677 2228 792 2292 magno
809 2211 910 2292 spatio
934 2210 1044 2291 paucis
1061 2209 1174 2272 diebus
1191 2228 1265 2271 con·
1279 2231 1292 2272 2

193 2317 289 2396 fecto,
314 2333 387 2377 cum
403 2316 466 2394 iam
482 2335 579 2398 pecus
601 2321 695 2397 atque
712 2321 856 2379 extrema
871 2316 1098 2398 impedimenta
1114 2337 1131 2377 a
1148 2317 1264 2378 nostris

194 2427 393 2504 tenerentur,
417 2423 479 2504 ipsi
503 2423 665 2486 densiores
689 2423 785 2485 silvas
808 2427 966 2506 peterent,
991 2422 1167 2486 eiusmodi
1190 2427 1265 2485 sunt

193 2533 395 2612 tempestates
414 2535 614 2610 consecutae,
638 2530 686 2592 uti
703 2550 783 2612 opus
799 2530 977 2593 necessario
1001 2530 1265 2594 intermitteretur

151 2655 180 2698 10
195 2641 226 2699 et
249 2637 487 2699 continuatione
512 2636 662 2699 imbrium
687 2637 807 2700 diutius
827 2637 885 2699 sub
902 2636 1040 2720 pellibus
1056 2624 1172 2700 milites
1189 2656 1264 2700 con-

194 2743 287 2805 tineri
314 2762 379 2805 non
402 2748 537 2825 possent.
584 2745 692 2825 itaque
716 2746 846 2807 vastatis
871 2744 1019 2806 omnibns
1036 2762 1146 2806 eorum
1171 2744 1291 2825 agrise

195 2850 274 2912 vicis
297 2850 514 2930 aedificiisque
538 2852 679 2914 incensis
703 2849 817 2913 Caesar
837 2853 1013 2914 exercitum
1036 2851 1166 2913 reduxit
1182 2856 1213 2912 et
1229 2851 1262 2912 in

194 2955 340 3019 Aulercis
363 2954 592 3038 Lexoviisque,
616 2958 748 3040 reliquis
772 2960 848 3020 item
872 2957 1069 3037 civitatibus,
1094 2975 1175 3038 qnae
1191 2976 1263 3040 pro-

193 3064 280 3125 xime
303 3062 422 3125 bellum
446 3064 600 3145 fecerant,
624 3065 657 3126 in
680 3064 823 3126 hibernis
847 3064 1033 3126 conlocavit.

284 3296 300 3348 5
320 3295 413 3348 confici
435 3293 556 3348 celeriter
579 3313 612 3359 ης
637 3294 758 3347 celeriter
781 3312 833 3366 ona
854 3315 869 3364 ρ
901 3295 909 3362 ll
942 3294 1018 3347 duxit
1035 3301 1063 3360 βς
1088 3294 1199 3347 adduxit
1220 3314 1236 3344 α
1256 3293 1264 3363 ll

191 3383 319 3452 (igerere
339 3387 483 3451 coeperunt
496 3403 525 3449 (23
545 3400 622 3452 agere
641 3384 812 3437 instituerunt
823 3391 841 3451 p
872 3383 880 3448 l]
914 3385 1010 3436 lnam
1029 3390 1112 3449 onap
1142 3381 1150 3453 ll
1182 3385 1198 3436 o
1217 3399 1264 3450 pa-

193 3471 280 3540 ludes]
300 3488 366 3540 quas
385 3473 483 3539 addp
514 3474 522 3541 ll
555 3473 589 3526 10
608 3488 698 3525 caesar
717 3480 813 3539 cunrp
845 3478 853 3540 ll
887 3474 921 3525 14
940 3472 1034 3526 siluam
1054 3472 1088 3541 pf
1114 3473 1122 3540 ll
1156 3473 1189 3526 16
1210 3473 1264 3525 dis-

193 3560 363 3629 perdiderunt
381 3580 403 3613 π

282 3650 628 3717 29.1.2'diebusom.p
664 3651 672 3717 ll
709 3651 829 3717 laSp;
854 3651 886 3704 ab
907 3670 923 3701 u
960 3651 968 3717 ll
1003 3650 1065 3704 8.9
1090 3653 1264 3718 tempestates

190 3741 291 3806 suntfl
327 3740 335 3807 ll
372 3739 472 3806 9utp
508 3739 516 3806 ll
555 3740 587 3791 12
607 3739 703 3793 Caesar
721 3747 810 3806 orrap
846 3739 854 3810 ll
891 3739 997 3793 reduxit
1014 3747 1043 3806 p3
1071 3739 1196 3807 perduxit
1215 3759 1232 3790 a
1256 3738 1264 3809 ll

196 3829 228 3881 13
246 3827 411 3896 lexobiisqne
425 3848 442 3879 a
470 3827 478 3898 ll
507 3827 656 3880 ciuitatibus
675 3829 716 3896 as3
734 3828 762 3880 in
780 3829 968 3896 ciuitatibusp
996 3827 1004 3900 ll
1034 3829 1074 3882 13.
1093 3830 1126 3881 14
1144 3829 1265 3897 proxime

190 3923 222 3984 dt
242 3904 397 3987 manimlale
418 3937 434 3968 α
