2886 4666
241 248 303 310 186
640 259 745 314 BELLI
765 259 906 314 GALLICI

239 425 375 488 stionem
398 424 437 487 de
458 423 550 487 bonis
571 423 703 505 direptis
720 424 911 503 decernunt,
935 421 1088 485 Litavicci
1111 423 1310 505 fratrumque

239 530 323 593 bona
345 530 523 614 publicant,
552 531 671 612 legatos
696 529 735 591 ad
759 529 926 592 Caesarem
948 529 1107 612 purgandi
1134 530 1185 592 sui
1208 531 1337 613 gratian

211 638 377 704 amittunt.
417 638 496 700 haec
515 637 634 700 faciunt
653 637 941 718 recuperandorum
966 655 1098 698 suorum
1119 655 1228 714 oausa3
1253 637 1309 699 sed

239 745 446 808 contaminati
468 745 608 806 facinore
633 749 664 805 et
687 744 768 825 capti
793 743 981 826 compendio
998 762 1039 805 ex
1056 742 1186 825 direptis
1208 742 1309 825 bonis

240 851 323 933 quod
353 870 390 914 ea
418 869 467 913 res
491 851 530 913 ad
554 851 670 913 multos
696 849 884 932 pertinebat,
914 857 945 913 et
969 851 1083 912 timore
1107 869 1228 933 poenae
1253 869 1310 912 ex-

239 959 340 1021 territi
364 958 497 1021 consilia
521 957 602 1019 elam
626 957 665 1020 de
689 956 772 1020 bello
800 958 883 1018 inire
912 957 1071 1039 incipiunt
1098 958 1309 1039 civitatesque

210 1065 377 1147 oreliquas
399 1064 614 1147 legationibus
638 1064 817 1128 sollicitant.
865 1083 947 1145 qnae
971 1065 1097 1126 tametsi
1121 1063 1350 1128 Caesario-10

239 1171 418 1253 tellegebat‚
441 1177 547 1234 tamen
572 1190 669 1252 quam
691 1172 861 1233 mitissime
884 1176 988 1254 potest
1010 1171 1132 1253 legatos
1156 1171 1307 1254 appellat:

238 1279 318 1340 nihil
343 1297 377 1341 se
400 1284 528 1361 propter
549 1279 750 1341 inscientiam
774 1279 999 1360 levitatemque
1016 1278 1113 1360 vulgi
1120 1279 1252 1360 gravius
1269 1277 1309 1341 de

239 1386 366 1448 civitate
389 1386 531 1449 iudicare
559 1403 665 1466 neque
694 1385 733 1446 de
762 1404 820 1447 sua
849 1386 881 1446 in
905 1383 1058 1447 Haeduos
1086 1384 1309 1448 benevolentia

212 1492 432 1559 sdeminuere.
479 1494 547 1575 ipse
575 1494 726 1554 maiorem
754 1491 874 1554 Galliae
903 1496 1026 1554 motum
1054 1497 1238 1574 expectans,
1266 1511 1309 1555 ne

240 1599 278 1662 ab
308 1600 457 1662 omnibus
488 1599 673 1662 civitatibus
706 1599 1006 1679 circumsisteretur,
1039 1599 1173 1662 consilia
1200 1598 1309 1679 inibat,
1323 1619 1350 1663 15

240 1725 334 1788 quem
359 1707 398 1769 ad
422 1707 554 1769 modum
573 1727 592 1768 a
608 1704 766 1789 Gergovia
790 1706 962 1768 discederet
985 1725 1021 1768 99
1044 1725 1156 1769 rursus
1182 1725 1309 1768 omnem

239 1815 418 1877 exereitum
447 1815 659 1893 contraheret,
693 1833 733 1876 ne
762 1814 913 1895 profectio
943 1819 1018 1877 nata
1045 1812 1084 1876 ab
1113 1814 1226 1875 timore
1255 1813 1309 1876 de-

240 1920 383 1982 fectionis
406 1921 585 2002 similisque
608 1920 701 2002 fugae
724 1920 893 1982 videretur.

185 2044 220 2095 44
328 2024 417 2089 Haec
433 2028 584 2109 cogitanti
601 2027 743 2090 accidere
758 2027 827 2090 visa
843 2033 890 2090 est
904 2028 1038 2091 facultas
1053 2027 1136 2090 bene
1152 2027 1309 2110 gerendae
1323 2047 1336 2089 1

240 2134 295 2196 rei.
335 2153 407 2195 nam
432 2152 504 2196 cum
529 2135 563 2195 19
587 2135 710 2196 minora
731 2139 834 2197 eastra
855 2135 959 2216 operis
982 2134 1190 2216 perspiciendi
1214 2152 1310 2197 causa

239 2241 391 2322 venisset,
420 2241 643 2304 animadvertit
666 2242 793 2322 collem,
823 2242 878 2323 qui
902 2240 941 2302 ab
966 2240 1109 2304 hostibus
1123 2240 1308 2323 tenebatur,

240 2347 396 2410 nudatum
411 2348 608 2428 hominibus,
628 2350 684 2430 qui
699 2348 915 2430 superioribus
932 2346 1047 2410 diebus
1064 2348 1120 2408 vix
1135 2366 1210 2430 prae
1226 2347 1309 2410 mul-

212 2454 378 2520 atitudine
398 2456 484 2516 cerni
503 2460 633 2536 poterat.
674 2455 847 2517 admiratus
867 2455 992 2536 quaerit
1013 2473 1055 2517 ex
1072 2455 1214 2537 perfugis
1234 2472 1336 2517 cau-o

239 2580 320 2641 sam,
345 2580 482 2642 quorum
501 2580 638 2644 magnus
659 2561 699 2622 ad
720 2579 793 2623 eum
811 2561 926 2624 cotidie
945 2579 1098 2624 numerus
1119 2559 1308 2625 confluebat.

211 2667 403 2734 aconstabat
426 2668 510 2730 inter
533 2686 655 2747 omnes,
686 2667 767 2748 qnod
799 2669 862 2729 iam
889 2669 957 2750 ipse
983 2666 1096 2730 Caesar
1118 2687 1175 2750 per
1198 2668 1309 2750 explo-

240 2779 357 2836 ratores
381 2779 586 2856 cognoverat,
611 2775 740 2837 dorsum
764 2793 831 2837 esse
855 2775 923 2836 9199
947 2774 1015 2856 iugi
1038 2793 1136 2857 prope
1161 2793 1309 2856 aequum,

239 2880 293 2944 sed
323 2881 466 2943 silvestre
495 2886 526 2943 et
553 2887 736 2964 angustum,
769 2901 832 2963 qua
860 2885 943 2943 esset
969 2881 1075 2943 aditus
1109 2881 1148 2943 ad
1177 2881 1308 2944 alteram

211 2994 360 3070 opertem
385 2988 508 3070 oppidi;
533 2989 737 3051 vehementer
759 2989 835 3051 huic
853 2987 926 3050 illos
945 2988 1014 3050 loco
1036 2989 1146 3051 timere
1165 3006 1224 3050 nec
1243 2988 1308 3049 iam
1325 3007 1351 3048 10

167 3122 172 3128 ·
240 3094 330 3155 aliter
353 3096 470 3157 sentire
499 3114 563 3157 nno
588 3095 668 3157 colle
692 3094 731 3156 ab
754 3092 907 3157 Romanis
937 3099 1088 3177 occupato
1117 3095 1145 3157 si
1172 3094 1309 3158 alterum

240 3200 432 3281 amisissent,
457 3203 535 3282 quin
557 3220 658 3284 paene
678 3201 909 3264 circumvallati
933 3207 1028 3283 atque
1052 3203 1140 3263 omni
1164 3202 1252 3264 exitu
1278 3206 1309 3263 et

211 3306 443 3389 apabulatione
476 3293 639 3370 int'erclusi
669 3307 858 3370 viderentur.
906 3307 945 3370 ad
979 3308 1064 3371 huno
1096 3307 1309 3371 muniendum

328 3536 463 3589 411199191
484 3535 539 3604 S(f)
572 3536 580 3604 11
613 3536 689 3589 5991
708 3537 837 3604 purgandi
857 3556 874 3587 9
907 3536 915 3604 11
948 3538 1057 3591 699999
1076 3543 1219 3603 suorunifl
1251 3536 1259 3604 11
1291 3536 1308 3590 8

240 3626 294 3696 1911
315 3627 384 3694 quod
403 3624 477 3679 Paul
509 3630 517 3693 11
550 3627 577 3678 91
595 3643 647 3678 om.
669 3644 698 3691 9;
718 3624 791 3678 Paul
823 3625 831 3694 11
865 3626 898 3678 12
917 3629 944 3679 91
956 3625 1093 3679 leuitatem
1106 3624 1210 3694 uulgiss
1237 3623 1246 3696 11
1275 3626 1308 3679 15

239 3715 391 3768 ciuitatibus
410 3722 499 3781 99911
530 3715 538 3782 11
573 3715 605 3768 lc
625 3731 641 3767 a
659 3733 693 3783 ‹p3
713 3715 745 3767 ab
753 3733 785 3782 23
805 3721 894 3781 99911
925 3717 934 3779 11
969 3717 1000 3767 11
1014 3714 1169 3768 contrahere
1185 3733 1202 3766 9
1235 3715 1243 3783 11
1275 3731 1309 3768 ne

238 3804 278 3871 X3
298 3821 347 3857 nee
365 3804 480 3857 Nitschc
511 3804 520 3873 11
552 3810 602 3870 ad
633 3804 641 3871 11
676 3803 708 3855 18
727 3820 779 3871 que
798 3821 850 3856 om.
872 3824 888 3854 9

327 3913 374 3966 44.
397 3914 419 3964 l.
440 3911 456 3964 2
476 3911 542 3964 bone
561 3911 599 3963 rei
618 3911 747 3978 gerendae
761 3930 778 3961 9
810 3913 818 3980 11
852 3911 1083 3979 2prospieiendifl
1114 3911 1123 3980 11
1155 3911 1309 3965 3animum

238 4000 354 4053 aduertit
372 4000 409 4053 ab
441 4000 449 4068 11
482 4001 639 4068 bpotuerat
657 3999 719 4051 HM
747 4000 755 4068 11
787 3999 898 4053 miratus
917 4000 991 4054 Paul
1027 4000 1035 4067 11
1071 4000 1153 4054 9991
1173 4000 1309 4054 11999911-

239 4091 398 4143 nostramet
417 4109 434 4141 9
462 4088 471 4158 11
495 4090 529 4144 10
548 4089 636 4156 oppidi
655 4091 757 4156 partem
775 4096 792 4154 p
815 4090 823 4158 11
846 4089 909 4142 huie
927 4089 984 4143 loco
1004 4089 1179 4143 uehementer
1197 4089 1256 4143 illos
1274 4089 1309 4143 ti-

238 4185 347 4246 11191913
378 4181 387 4250 11
420 4181 452 4232 11
472 4185 522 4245 ap
554 4179 562 4248 11
596 4177 629 4229 12
647 4177 809 4246 amisissent,
829 4193 882 4231 non
901 4178 1014 4232 dubitari
1033 4178 1130 4248 quinp
