2886 4666
205 289 245 351 50
604 303 710 358 BELLI
729 302 872 357 GALLICI

203 466 376 530 commode
391 466 453 550 ipsi
476 466 538 530 sibi
560 465 775 550 praescribere
799 486 896 549 quam
923 466 962 528 ab
987 465 1058 529 aliis
1087 466 1195 529 doceri
1217 486 1273 549 po-

203 579 319 654 terant,
348 579 380 637 et
404 574 491 655 quod
518 573 557 636 ab
582 592 677 657 opere
700 573 900 657 singulisque
924 572 1105 657 legionibus
1129 574 1272 656 singulos

203 680 322 764 legatos
356 679 472 743 Caesar
509 678 671 743 discedere
708 680 772 742 nisi
805 680 939 743 munitis
976 681 1087 742 castris
1120 685 1272 743 vetuerat.

176 812 189 852 4
204 788 235 850 hi
252 793 382 871 propter
395 786 667 869 propinquitatem
692 791 723 849 et
746 786 938 850 celeritatem
953 787 1095 850 hostium
1110 787 1192 849 nihil
1207 787 1273 849 iam
1358 869 1361 876 Ι

204 894 348 958 Caesaris
370 893 543 977 imperium
565 893 790 976 expectabant,
813 893 869 958 sed
892 912 948 976 per
967 913 1002 956 se
1018 912 1099 975 quae
1122 893 1315 960 videbun-15

148 1017 183 1070 21
203 1007 256 1064 tur
288 1000 560 1065 administrabant.
617 999 732 1064 Caesar
763 1001 951 1064 necessariis
983 1000 1078 1063 rebus
1110 1000 1299 1083 imperatisr

204 1108 244 1171 ad
268 1107 477 1171 cohortandos
493 1107 621 1188 milites,
645 1127 742 1190 quam
767 1105 824 1191 [in]
849 1113 970 1190 partem
985 1106 1050 1170 fors
1067 1107 1195 1190 obtulit,
1220 1108 1273 1170 de-

176 1217 345 1280 acucurn't
373 1214 471 1278 etad
498 1215 657 1297 legionem
687 1215 843 1277 decimam
876 1213 1011 1302 devenit
1057 1213 1176 1278 milites
1208 1233 1273 1277 non

204 1322 346 1405 longiore
370 1323 511 1384 oratione
535 1321 731 1403 cohortatus,
756 1340 852 1403 quam
867 1323 916 1384 uti
938 1339 1015 1384 suae
1035 1321 1187 1405 pristinae
1211 1322 1273 1384 vir-

203 1430 280 1492 tutis
303 1429 491 1491 memoriam
513 1429 688 1491 retinerent
712 1447 778 1492 neu
799 1428 1064 1510 perturbarentur
1086 1429 1194 1491 animo
1218 1428 1301 1493 hos

176 1536 366 1616 estiumque
389 1535 546 1619 impetum
562 1535 692 1598 ,fortiter
714 1536 919 1616 sustinerent,
947 1534 1034 1618 qnod
1057 1555 1122 1597 non
1144 1535 1273 1618 longius

202 1644 308 1705 hostes
323 1643 467 1724 aberant,
492 1661 589 1723 quam
613 1661 676 1724 quo
696 1642 796 1704 telum
816 1642 902 1726 adigi
917 1648 1035 1725 posset,
1059 1642 1172 1725 proelii
1188 1662 1272 1706 corn·

175 1749 349 1814 omittendi
381 1749 509 1831 signum
542 1747 636 1812 dedit.
682 1753 779 1831 atque
810 1749 846 1811 in
878 1749 1009 1812 alteram
1040 1754 1164 1831 partem
1196 1750 1272 1811 item

176 1855 390 1920 scohortandi
424 1875 519 1919 causa
550 1855 710 1938 profectus
743 1855 960 1938 pugnantibus
993 1856 1138 1918 occurrit.
1194 1860 1272 1918 tem-

203 1963 288 2045 poris
311 1967 400 2025 tanta
421 1962 481 2025 fuit
509 1962 666 2044 exiguitas
688 1963 892 2044 hostiumque
920 1967 986 2025 tam
1008 1968 1138 2045 paratus
1162 1962 1202 2025 ad
1225 1961 1272 2024 di·
1286 1985 1315 2026 ro

203 2069 388 2132 minandum
415 2070 554 2151 animus,
582 2073 619 2131 ut
645 2089 711 2132 non
737 2069 833 2132 modo
861 2068 901 2131 ad
929 2069 1069 2151 insignia
1096 2088 1272 2132 accommo-

204 2175 321 2255 danda,
345 2175 400 2239 sed
424 2176 575 2239 etiamad
594 2175 701 2259 galeas
721 2175 902 2239 induendas
917 2177 1080 2258 scutisque
1100 2177 1272 2258 tegimenta

176 2283 399 2347 adetrahenda
421 2287 547 2366 tempus
570 2282 714 2346 defuerit.
762 2301 858 2363 quam
887 2283 1023 2364 quisque
1051 2282 1090 2344 ab
1120 2301 1214 2365 opere
1236 2283 1272 2344 in

202 2394 325 2472 partem
348 2409 426 2453 casu
454 2389 583 2453 devenit
611 2408 757 2472 quaeque
784 2390 887 2472 prima
910 2390 1001 2472 signa
1024 2389 1204 2471 conspexit,
1232 2389 1272 2452 ad

203 2497 280 2560 haec
303 2497 458 2578 constitit,
481 2516 522 2559 ne
545 2498 580 2559 in
596 2496 786 2577 quaerendis
809 2499 875 2560 suis
895 2496 1062 2580 pugnandi
1082 2501 1208 2579 tempus
1225 2496 1271 2559 di·
1285 2521 1314 2562 rs

145 2617 184 2671 22
202 2604 350 2667 mitteret.
396 2604 557 2666 Instructo
574 2603 718 2666 exercitu
733 2604 834 2686 magis
851 2608 888 2666 nt
906 2602 970 2667 loci
984 2608 1100 2667 natura
1116 2603 1271 2667 deiectus·
1285 2629 1298 2669 1

204 2730 267 2791 que
295 2710 386 2774 collis
413 2716 446 2773 et
472 2709 645 2773 necessitas
678 2711 828 2793 temporis
857 2729 953 2792 quam
985 2714 1022 2773 ut
1049 2710 1096 2773 rei
1122 2710 1271 2772 militaris

202 2818 282 2880 ratio
307 2822 401 2899 atque
426 2817 502 2880 ordo
526 2815 719 2899 postulabat,
748 2834 822 2879 cum
851 2816 993 2880 diversae
1020 2817 1163 2899 legiones
1191 2817 1271 2880 aliae

203 2925 266 2986 alia
288 2926 323 2986 in
345 2928 434 3006 parte
457 2922 603 2986 hostibus
627 2924 811 2987 resisterent
833 2923 1045 3006 saepibusque
1066 2923 1271 3004 densissimis,

202 3036 239 3093 ut
262 3035 333 3093 ante
361 3030 662 3111 demonstravimus,
689 3031 863 3093 interiectis
889 3034 1075 3113 prospectus
1102 3029 1300 3112 impedire-s

203 3144 268 3217 tur,
291 3154 398 3218 neque
422 3141 508 3199 certa
530 3136 673 3199 subsidia
689 3136 849 3199 conlocari
869 3155 973 3219 neque
991 3137 1070 3218 quid
1091 3137 1124 3198 in
1143 3156 1270 3218 quaque

202 3248 290 3325 parte
315 3263 394 3326 opus
417 3249 501 3306 esset
526 3243 687 3326 provideri
714 3262 819 3325 neque
848 3243 886 3306 ab
915 3263 980 3306 uno
1010 3244 1117 3306 omnia
1138 3244 1272 3326 imperia

293 3474 324 3526 11
346 3472 394 3525 sibi
414 3491 444 3540 ας
464 3472 515 3527 sibi
528 3472 613 3542 magis
631 3480 649 3540 β
679 3477 688 3540 ΙΙ
721 3473 755 3525 14
772 3474 881 3541 propter
898 3472 1060 3526 celeritatem
1079 3475 1107 3526 et
1118 3471 1270 3541 propinqui·

202 3563 319 3628 tatemss
350 3564 359 3628 ΙΙ
392 3564 425 3616 15
444 3562 633 3630 spectabantss

289 3670 336 3723 21.
357 3669 373 3721 2
396 3669 422 3721 in
445 3670 495 3723 dol.
519 3669 609 3722 Krou.
650 3670 659 3738 l}
701 3668 724 3721 2.
745 3667 930 3736 succurrite
970 3669 979 3738 ll
1019 3669 1101 3721 test
1119 3667 1272 3721 cohortatus

201 3758 264 3826 13²ss
295 3758 304 3824 ll
336 3758 441 3826 ladigi
464 3758 567 3824 θήκας
586 3757 654 3812 adici
675 3776 705 3824 ας
724 3757 828 3825 abiciss
859 3758 868 3826 ll
901 3757 935 3810 12
953 3757 1102 3811 induendas
1121 3755 1210 3822 M²c²;
1229 3754 1271 3806 in-

202 3848 336 3900 ducendas
359 3846 389 3900 X
427 3847 435 3915 ΙΙ
478 3849 511 3900 13
531 3846 693 3900 detrahenda
714 3845 788 3914 B²ss3
817 3846 980 3900 detrudendo
996 3845 1098 3915 28M23
1126 3844 1273 3898 detruenda

201 3935 277 3988 B1M
280 3937 289 3965 ¹
321 3938 330 4005 ll
362 3937 519 4005 quisquec13
539 3936 708 4005 quisquamp
739 3936 747 4004 ll
781 3936 815 3988 14
828 3935 1029 4005 aignaprimafl
1060 3940 1069 4003 11
1102 3936 1135 3988 15
1147 3933 1176 3989 in
1189 3949 1271 4002 quae-

202 4024 292 4078 rendis
311 4025 368 4078 suis
387 4043 417 4092 u3
435 4025 591 4095 inquirendo
610 4031 709 4092 suosfl
740 4026 749 4094 l}
780 4025 886 4093 tempus
904 4014 1075 4092 pugnandipt
1178 4049 1181 4055 Δ

291 4131 337 4187 22.
357 4134 381 4184 1.
401 4133 425 4185 2.
446 4132 619 4200 deiectusque
637 4131 676 4200 cd.
696 4133 724 4198 13
747 4130 918 4199 delectusque
937 4130 968 4184 X
1005 4131 1014 4200 ΙΙ
1056 4131 1072 4184 3
1091 4131 1213 4184 diuersae
1230 4130 1281 4184 le··

202 4222 293 4290 giones
317 4221 420 4288 Oiocc.3
440 4221 553 4276 diuersis
571 4220 718 4290 legionibus
737 4219 767 4273 X
