2886 4666
196 299 236 360 12
400 281 460 298 ⁰
599 312 704 367 01011
724 312 866 368 cannot

166 476 393 559 elargiendum
417 495 549 557 magnas
570 495 782 558 comparasse;
807 495 960 558 magnum
980 495 1152 540 numerum
1173 477 1263 556 equi-

167 588 279 648 otatus
299 602 357 646 suo
372 589 499 666 sumptu
515 601 640 664 semper
658 575 742 645 alere
762 587 794 645 et
813 583 933 643 circum
952 601 985 646 se
1005 582 1134 662 habore,
1157 601 1262 663 noque

195 691 300 754 solum
328 689 427 771 domi,
459 690 515 753 sed
543 691 638 753 etiam
667 689 752 771 apud
778 688 930 752 finitimas
958 690 1102 753 civitates
1133 689 1263 772 largiter

194 817 299 880 posse,
323 802 418 878 atque
441 797 537 859 huius
560 797 720 879 potentiae
740 815 835 858 causa
852 799 987 859 matrem
1010 788 1263 878 in'Biturigibus
1277 819 1303 860 15

168 904 316 970 rhomini
338 903 406 966 illic
428 902 625 966 nobilissimo
645 921 681 964 00
698 903 918 986 potentissimo
938 903 1134 981 conlocasse3
1158 904 1263 986 ipsum

195 1031 236 1076 ex
254 1009 411 1074 Helvetiis
433 1028 568 1073 uxorem
593 1010 723 1091 habere,
747 996 888 1073 sororem
907 1029 950 1073 ex
967 1000 1068 1073 matre
1087 1011 1277 1092 01010010-Ι

168 1137 275 1200 aquas
297 1121 530 1200 000011001010
552 1118 588 1178 10
612 1116 689 1179 alias
712 1117 856 1191 civitates
877 1116 1067 1209 conlocasse.
1104 1109 1263 1180 10101001

195 1243 309 1306 cupere
338 1223 496 1287 Helvetiis
524 1228 653 1306 propter
685 1242 756 1287 eam
788 1221 997 1306 adfinitatem,
1031 1223 1135 1286 odisse
1168 1225 1264 1286 etiam

195 1349 252 1394 000
277 1331 405 1395 nomine
430 1328 595 1393 Caesarem
620 1334 652 1393 01
673 1329 859 1418 Romanos,
872 1330 964 1410 ⁴quod
989 1349 1099 1393 eorum
1123 1329 1264 1393 adventu
1277 1349 1304 1391 20

194 1428 336 1520 potentia
363 1438 431 1500 eius
460 1436 624 1500 deminuta
652 1441 683 1499 01
711 1433 893 1498 Diviciacus
915 1435 1014 1499 frater
1036 1437 1071 1498 in
1096 1438 1264 1519 antiquum

167 1543 301 1610 olocum
323 1545 443 1626 gratiae
467 1549 562 1624 atque
581 1543 712 1606 honoris
731 1545 772 1606 sit
790 1544 963 1606 restitutus.
999 1543 1026 1606 si
1046 1543 1124 1625 quid
1143 1544 1264 1606 accidat

194 1649 359 1731 Romanis,
382 1669 540 1713 summam
563 1651 598 1712 in
621 1669 709 1732 spem
729 1669 786 1732 per
803 1649 970 1713 Helvetios
988 1651 1080 1732 regni
1098 1648 1264 1713 obtinendi

195 1759 319 1836 venire;
347 1750 481 1840 imperio
505 1757 614 1839 populi
637 1755 773 1819 Romani
795 1776 863 1819 non
885 1757 980 1819 modo
1005 1756 1044 1820 de
1067 1775 1179 1839 regno,
1207 1757 1263 1820 sed
1359 1781 1361 1784 ·

154 1889 181 1930 10
195 1866 291 1928 etiam
325 1863 363 1927 de
392 1883 430 1927 ea
462 1883 559 1945 quam
583 1863 698 1928 habeat
729 1865 831 1944 gratia
859 1864 1035 1946 desperare.
1085 1863 1264 1946 reperiebat
1277 1883 1303 1925 aa

196 1973 290 2034 etiam
310 1971 344 2058 10
361 1970 542 2052 quaerendo
561 1969 688 2052 Cacsar,
713 1971 798 2052 quod
814 1954 1135 2053 proelians'equestre
1152 1970 1263 2033 adver-

195 2065 267 2140 sum
288 2079 398 2160 paucis
422 2081 494 2140 ante
519 2077 632 2140 diebus
651 2083 735 2141 esset
752 2078 883 2158 factum,
905 2078 1035 2140 initium
1054 2075 1146 2160 [eius]
1169 2077 1263 2160 fugae

195 2175 313 2248 factum
327 2203 346 2245 a
358 2182 557 2267 Dumnorige
577 2190 672 2266 atque
689 2185 758 2248 0100
778 2185 938 2265 equitibus
954 2221 994 2229 —
1008 2203 1085 2246 nam
1099 2184 1264 2264 equitatui,

196 2310 291 2372 quem
319 2290 439 2352 auxilio
464 2289 588 2354 Caesari
617 2290 747 2355 Haedui
773 2292 938 2373 miserant,
965 2288 1148 2353 Dumnorix
1175 2311 1264 2373 prae-

195 2404 262 2462 erat
284 2417 337 2459 -:
364 2416 475 2460 001001
494 2397 570 2480 fuga
587 2397 748 2479 reliquum
767 2416 836 2461 esse
856 2399 1032 2479 equitatum
1052 2398 1262 2481 perterritum.
1277 2417 1305 2459 ao

141 2513 177 2566 la
196 2503 319 2579 Quibus
337 2503 433 2568 rebus
453 2505 602 2586 cognitis,
626 2523 700 2566 cum
719 2504 759 2566 ad
778 2504 835 2567 has
854 2505 1050 2586 suspiciones
1069 2506 1290 2568 0011100110001

194 2629 246 2674 100
269 2606 468 2690 accederent,
493 2611 578 2692 quod
601 2611 755 2693 perfines
774 2609 996 2693 Sequanorum
1016 2603 1183 2675 Helretios
1202 2617 1264 2674 tra-

196 2718 352 2795 duxisset,
382 2718 467 2799 quod
496 2716 623 2780 obsides
650 2719 734 2781 inter
763 2736 817 2780 eos
846 2718 967 2780 dandos
995 2722 1148 2800 curasset,
1179 2718 1264 2799 quod

195 2845 233 2889 ea
260 2826 368 2888 omnia
394 2843 459 2887 non
486 2825 581 2888 modo
610 2825 736 2887 iniussu
764 2821 822 2887 suo
851 2828 883 2889 01
906 2825 1056 2905 civitatis,
1085 2825 1141 2888 sed
1169 2827 1264 2888 etiam

194 2932 403 2996 inscientibus
426 2933 503 3014 ipsis
525 2931 663 3009 fecisset,
693 2933 778 3014 quod
803 2953 821 3010 0
847 2933 1035 3015 magistratu
1055 2930 1291 2995 Haeduoruma

195 3043 409 3119 accusaretur,
432 3039 509 3101 satis
533 3057 602 3102 0000
627 3057 740 3102 000000
756 3022 987 3120 arbitrabatur,
1012 3057 1109 3120 quare
1132 3039 1166 3101 in
1190 3057 1264 3101 eum
1362 3031 1366 3036 ’

195 3149 250 3208 001
272 3146 339 3228 ipse
359 3146 624 3208 animadverteret
643 3133 697 3208 aut
712 3125 878 3209 'civitatem
901 3145 1153 3209 animadvertere
1174 3145 1264 3207 iube-

168 3257 250 3316 aret.
288 3253 337 3314 his
361 3238 509 3314 omnibus
527 3252 623 3316 rebus
646 3271 750 3314 unum
770 3252 980 3335 repugnabat,
996 3252 1090 3334 'quod
1109 3249 1263 3314 Diviciaci

194 3358 298 3421 fratris
318 3378 478 3421 summum
500 3360 536 3421 in
553 3357 708 3442 populum
726 3358 908 3421 Romanum
930 3359 1083 3439 studium,
1107 3377 1263 3420 summam

195 3466 229 3527 in
250 3484 282 3528 00
299 3465 510 3547 voluntatem,
529 3467 690 3547 egregiam
705 3464 814 3547 fidem,
835 3465 1004 3546 iustitiam,
1023 3463 1264 3547 temperantiam
1278 3484 1304 3526 10

196 3579 400 3654 cognoverat,
424 3591 555 3634 namne
571 3573 638 3634 0100
659 3571 815 3655 supplicio
830 3571 986 3659 Diviciaci
1006 3572 1148 3632 animum
1167 3569 1264 3632 offen-

168 3678 286 3742 aderet
308 3677 485 3742 verebatur.
529 3679 637 3758 itaque
660 3679 749 3761 prius
774 3697 869 3760 quam
894 3679 1065 3758 quicquam
1088 3681 1264 3758 conaretur,

97 3796 99 3800 “
195 3784 394 3847 Diviciacum
422 3785 462 3846 ad
486 3803 519 3847 00
543 3785 651 3847 vocari
674 3784 763 3847 iubet
791 3790 823 3847 01
846 3784 1014 3846 cotidianis
1037 3783 1264 3866 interpretibus

285 4033 318 4084 15
342 4030 502 4100 uiturigibus
527 4031 596 4097 (aad)
642 4029 650 4100 11
696 4030 730 4084 26
755 4031 833 4084 011001
853 4030 1009 4099 inquirendo
1028 4049 1050 4082 π
1096 4030 1105 4101 b
1151 4031 1183 4084 27
1208 4005 1295 4084 eius

195 4120 333 4173 (1011100.

285 4227 330 4281 19.
350 4225 366 4280 9
389 4225 516 4294 populum
537 4242 614 4294 .1·.χ;
636 4225 764 4295 populum
784 4233 824 4296 φρ
