2886 4666
494 292 603 347 LIBER
620 294 667 347 VI.
688 291 763 348 cnP.
786 296 903 351 13-16.
1170 282 1236 344 143

163 457 252 540 plina
283 462 479 540 permanent.
534 475 639 539 neque
666 457 713 520 fas
742 476 811 522 esse
840 459 1024 522 existimant
1056 479 1093 522 ea
1120 460 1235 523 litteris

166 563 331 644 mandare,
355 583 428 626 cum
451 564 487 627 in
509 563 643 646 reliquis
665 564 731 628 fere
754 564 862 647 robae,
886 564 1023 648 publicis
1038 568 1235 649 privatisque

123 693 151 735 10
164 670 354 752 rationibus,
383 670 512 735 Graecis
540 671 653 734 litteris
681 675 820 733 utantur.
871 670 905 733 id
932 672 1012 734 mibi
1041 671 1165 736 duabus
1194 673 1267 738 dea

165 778 269 841 causis
292 778 469 841 instituisse
492 777 655 858 videntur,
686 777 770 858 quod
798 796 903 860 neque
931 779 965 840 in
993 779 1111 862 vulgus
1139 781 1234 844 disci·

164 884 285 967 plinam
309 883 413 948 efferri
435 884 536 947 velint
557 904 664 967 neque
688 904 757 966 eos,
782 886 836 966 qui
861 885 997 968 discunt,
1021 886 1134 950 litteris
1158 906 1234 950 con-

163 989 239 1054 fisos
261 992 369 1054 minus
392 993 564 1055 memoriae
581 991 723 1072 studere;
749 991 835 1074 quod
851 991 916 1056 fere
932 993 1093 1076 plerisque
1110 993 1234 1075 accidit,

163 1103 201 1162 ut
222 1096 380 1180 praesidio
403 1097 580 1160 litterarum
605 1096 801 1182 diligentiam
825 1099 860 1161 in
879 1100 1087 1181 perdiscendo
1112 1119 1148 1161 ac
1168 1119 1234 1163 me·

123 1227 150 1268 15
164 1206 298 1267 moriam
320 1205 489 1268 remittant.
532 1206 697 1288 inprimis
720 1206 780 1268 hoc
805 1206 917 1268 volunt
938 1207 1143 1288 persuadere,
1167 1226 1266 1270 nona

163 1313 295 1375 interire
320 1312 454 1393 animoa,
479 1311 534 1375 sed
559 1313 597 1374 ab
615 1313 685 1375 aliis
700 1317 772 1395 post
787 1318 922 1376 mortem
938 1314 1072 1376 transire
1089 1313 1128 1375 ad
1145 1314 1234 1393 alios

164 1424 259 1501 atque
282 1419 343 1482 hoc
359 1419 499 1482 maxime
516 1419 556 1481 ad
571 1420 722 1483 virtutem
738 1421 870 1482 excitari
889 1425 1003 1503 putant
1017 1425 1106 1482 metu
1121 1421 1234 1483 mortis

164 1525 317 1608 neglecto.
356 1525 457 1589 multa
480 1532 643 1608 praeterea
662 1525 701 1587 de
721 1526 879 1589 sideribus
895 1531 990 1609 atque
1006 1546 1116 1590 eorum
1132 1532 1266 1606 motu,s

165 1631 205 1695 de
227 1631 342 1694 mundi
365 1651 402 1694 ao
426 1637 591 1720 terrarum·
606 1633 840 1715 magnitudine,
865 1632 903 1696 de
920 1652 1026 1696 rerum
1043 1638 1169 1715 natura,
1193 1635 1234 1697 dc

124 1738 297 1801 acdeorum
320 1739 549 1801 immortalium
576 1741 610 1801 vi
633 1759 669 1801 ac
692 1744 846 1823 potestate
875 1740 1037 1823 disputant
1064 1746 1096 1804 et
1121 1742 1234 1804 iuven-

166 1846 227 1908 tuti
250 1845 388 1908 tradunt.

138 1974 150 2014 1
253 1952 402 2016 Alterum
425 1972 526 2035 genus
550 1958 598 2016 est
613 1955 766 2035 equitum.
805 1954 853 2036 hi,
877 1973 949 2017 oum
967 1960 1014 2018 est
1037 1974 1114 2018 usus
1138 1960 1233 2037 atque
1252 1967 1295 2021 lb

166 2058 296 2142 aliquod
318 2059 439 2122 bellum
463 2060 579 2122 incidit
595 2098 636 2104 —
655 2061 741 2142 quod
763 2061 829 2124 fere
853 2065 926 2124 ante
951 2059 1093 2124 Caesaris
1116 2060 1233 2125 adven-

166 2170 234 2229 tum
258 2168 429 2249 quotannis
454 2166 597 2230 accidere
614 2167 748 2248 solebat,
773 2169 820 2230 uti
841 2172 896 2229 aut
910 2169 972 2250 ipsi
987 2169 1122 2230 iniurias
1137 2168 1233 2230 infer-

165 2277 237 2336 rent
260 2278 316 2335 ant
330 2273 444 2335 inlatas
460 2273 683 2356 propulsarent
699 2311 755 2355 —,
780 2293 890 2337 omnes
906 2275 940 2335 in
956 2274 1038 2337 bello
1055 2279 1233 2355 versantur,

138 2383 261 2460 satque
285 2399 396 2443 eorum
421 2385 456 2442 ut
480 2381 615 2462 quisque
636 2385 684 2444 est
699 2400 814 2463 genere
830 2382 993 2462 copiisque
1010 2381 1233 2463 amplissimus,
1247 2399 1263 2440 a

165 2487 209 2548 ita
232 2487 386 2568 plurimos
411 2488 531 2549 circum
554 2505 587 2549 se
611 2487 773 2550 ambactos
796 2488 991 2570 clientesque
1007 2488 1110 2551 habet.
1150 2488 1233 2550 hanc

166 2613 262 2656 unam
286 2593 420 2675 gratiam
442 2595 681 2678 potentiamque
704 2600 869 2657 noverunt.

138 2720 150 2760 1
254 2698 348 2763 Natio
373 2706 420 2763 est
444 2703 547 2764 omnis
571 2701 930 2764 Gallorumadmodum
952 2701 1057 2764 dedita
1072 2701 1233 2784 religioni·
1252 2711 1295 2766 16

166 2805 239 2887 bus,
269 2812 364 2889 atquo
388 2806 428 2869 ob
454 2825 523 2869 eam
547 2827 674 2870 causam
703 2809 759 2889 qui
787 2813 863 2871 sunt
890 2808 1004 2871 adfecti
1031 2807 1261 2890 gravioribusa

105 2956 106 2960 ,
165 2913 285 2977 morbis
310 2915 429 2996 quique
453 2916 488 2977 in
511 2915 640 2996 proeliis
663 2916 878 2998 periculisque
893 2920 1074 2996 versantur,
1098 2920 1153 2977 aut
1175 2933 1233 2996 pro

166 3021 304 3084 victimis
327 3021 472 3084 hominos
488 3022 655 3084 immolant
678 3028 733 3085 aut
752 3041 785 3084 se
802 3022 1020 3084 immolaturos
1036 3026 1161 3103 vovent,
1179 3022 1233 3083 ad-

139 3128 384 3207 aministrisquo
408 3129 448 3189 ad
472 3147 509 3191 ea
529 3126 682 3191 sacrificia
698 3128 866 3191 druidibus
882 3133 1029 3210 utuntur,
1054 3128 1152 3211 quod,
1175 3148 1232 3210 pro
1246 3155 1266 3195 a

166 3235 232 3296 vita
253 3234 393 3297 hominis
417 3235 478 3297 nisi
502 3235 640 3297 bominis
663 3237 730 3297 vita
752 3236 916 3316 reddatur,
945 3254 1011 3298 non
1038 3254 1131 3318 posse
1160 3235 1233 3297 deo-

166 3360 239 3403 rum
262 3341 490 3404 immortalium
512 3360 632 3404 numen
659 3342 779 3425 placari
807 3341 1014 3424 arbitrantur,
1042 3341 1234 3424 publiceque

167 3447 310 3510 eiusdem
338 3449 462 3531 generis
489 3448 608 3512 habent
639 3450 784 3512 instituta
809 3449 969 3512 sacrificia.
1020 3449 1074 3511 alii
1100 3450 1262 3515 immania

256 3678 400 3746 9reliquis
420 3679 499 3732 rebus
517 3680 607 3746 lerep
642 3684 651 3746 ll
689 3679 723 3733 10
745 3681 853 3732 utantur
870 3679 1001 3746 litterisss
1037 3680 1045 3747 ll
1084 3679 1115 3730 11
1136 3676 1234 3745 uulgus

166 3766 205 3819 cd.
224 3769 251 3834 13
270 3767 430 3835 uulgumX
463 3769 471 3836 ΙΙ
509 3768 698 3833 12dlscantp
734 3767 742 3836 ll
780 3770 812 3820 17
832 3768 1054 3834 maximeom.p
1090 3767 1098 3834 ll
1137 3766 1177 3819 19.
1199 3765 1235 3821 20

166 3858 270 3925 natura,
291 3858 322 3909 de
343 3857 368 3909 ui
388 3857 496 3910 deorum
516 3864 580 3924 θθβ

255 3946 300 3999 15.
322 3945 345 3998 2.
365 3947 381 3999 3
400 3947 471 4014 quod
490 3950 550 3999 ante
570 3947 683 3999 caesaris
702 3947 848 3999 aduentum
867 3947 921 3999 fere
939 3953 957 4013 β
988 3945 996 4012 ll
1033 3947 1048 3998 5
1068 3945 1149 4013 copiis
1168 3945 1238 4014 (om.

167 4035 265 4102 quelfi
295 4035 304 4102 ΙΙ
336 4035 475 4102 dcircap
506 4037 514 4105 ll
546 4036 678 4102 habente

255 4125 301 4179 16.
322 4126 335 4175 1
357 4125 473 4177 omnium
488 4144 505 4175 a
538 4126 546 4194 l]
579 4125 760 4179 bdnrudibus
779 4143 801 4176 π
823 4124 832 4194 ll
859 4123 1009 4179 6hominis
1027 4122 1144 4179 nonnisi
1266 4146 1270 4151 ·
1303 4134 1321 4143 ··

167 4229 191 4264 t,
212 4231 229 4263 a
265 4210 273 4283 ll
308 4213 363 4267 uita
381 4213 496 4267 hominis
516 4233 538 4283 φ
570 4216 579 4279 ll
613 4215 699 4284 posse]
719 4213 912 4280 alterocca
942 4214 952 4279 ΙΙ
982 4211 1078 4268 seim
1094 4123 1400 4390 Ἠ
