2886 4666
504 299 611 352 LIBER
628 299 689 353 VII.
710 298 785 353 CAP.
805 299 926 353 20-23.
1184 283 1246 344 173

149 461 378 543 savertebant,
407 481 486 544 quas
514 482 588 525 oum
616 462 864 542 destinaverant,
897 463 1063 524 tormentis
1091 462 1247 523 introrsus

178 568 389 650 reducebant,
413 574 445 632 et
468 587 616 652 aggerem
640 569 797 631 cuniculis
821 567 1063 648 subtrahebant,
1088 586 1124 630 eo
1146 567 1248 650 soien-

179 677 258 757 tius,
286 675 371 758 quod
394 675 479 758 apud
507 693 561 737 eos
588 693 722 756 magnae
750 679 825 737 sunt
852 674 1001 737 ferrariae
1030 679 1124 756 atque
1154 692 1248 736 omne

159 794 282 865 'genus
314 782 537 845 cuniculorum
570 786 680 844 notum
717 786 811 863 atque
848 783 1002 844 usitatum
1034 785 1089 844 est.
1147 784 1275 845 totuma

180 894 287 953 autom
314 908 442 951 murum
475 907 516 950 ex
549 889 636 951 omni
668 892 758 970 parte
791 887 931 949 turribus
964 886 1248 950 contabulaverant

137 1019 167 1061 ro
180 1000 276 1078 atque
300 995 356 1058 has
380 996 474 1058 coriis
498 995 688 1058 intexerent.
735 1000 804 1056 tum
830 994 948 1057 crebris
973 994 1097 1056 diurnis
1120 999 1276 1058 noctur-4

180 1103 296 1184 nisque
320 1101 541 1184 eruptionibus
569 1106 624 1163 aut
647 1101 754 1184 aggeri
777 1101 885 1183 ignem
908 1100 1086 1164 inferebant
1114 1104 1168 1163 aut
1190 1101 1249 1162 mi-

180 1210 253 1273 lites
276 1213 445 1291 occupatos
468 1209 504 1270 in
519 1226 612 1290 opere
629 1208 854 1270 adoriebantur
869 1212 901 1270 et
916 1212 1096 1270 nostrarum
1113 1208 1249 1269 turrium

181 1315 397 1396 altitudinem,
430 1320 585 1395 quantum
617 1314 674 1377 has
706 1314 885 1377 cotidianus
918 1332 1014 1396 agger
1042 1319 1248 1396 expresserat,

182 1423 359 1485 commissis
383 1441 514 1484 suarum
537 1421 675 1483 turrium
698 1420 790 1482 malis
814 1420 1046 1502 adaequabant,
1070 1425 1102 1483 et
1126 1425 1276 1502 apertosa

139 1551 167 1592 15
182 1529 347 1591 cuniculos
370 1532 518 1610 praeusta
542 1532 573 1591 et
595 1532 766 1609 praeacuta
788 1529 920 1590 materia
944 1532 975 1590 et
997 1529 1066 1609 pice
1081 1527 1251 1590 fervefacta

183 1641 214 1698 et
235 1636 369 1697 maximi
391 1635 540 1717 ponderis
564 1635 650 1696 saxis
668 1635 876 1697 morabantur
890 1633 1122 1716 moenibusque
1139 1633 1250 1715 adpro·

154 1742 337 1824 rpinquare
365 1740 584 1824 prohibebant.
640 1740 727 1803 Muri
762 1748 868 1804 autem
901 1759 1012 1803 omnes
1045 1740 1158 1803 Gallici
1191 1741 1250 1801 hae
1268 1755 1304 1809 23

181 1849 246 1912 fere
269 1848 371 1911 forma
394 1851 478 1911 sunt.
524 1847 628 1909 trabes
653 1847 798 1909 derectae
820 1853 991 1930 perpetuae
1018 1848 1053 1909 in
1076 1846 1251 1929 longitudi-

181 1974 257 2019 nem
280 1954 411 2037 paribus
434 1954 613 2017 intervallis
638 1954 790 2017 distantes
818 1956 901 2018 inter
924 1974 957 2018 se
981 1954 1073 2017 binos
1096 1955 1193 2036 pedes
1216 1954 1251 2014 iu

182 2062 249 2124 solo
283 2061 497 2124 conlocantur.
555 2061 614 2122 hae
646 2062 867 2124 revinciuntur
899 2063 1055 2123 introrsus
1088 2067 1119 2124 et
1150 2061 1278 2125 multoa

152 2187 298 2251 aaggere
329 2169 525 2246 vestiuntur,
562 2186 598 2229 ea
630 2177 749 2248 autem,
783 2187 864 2249 quae
898 2168 1052 2248 diximus,
1085 2168 1251 2230 intervalla

182 2274 357 2358 grandibus
380 2276 414 2336 in
437 2274 541 2337 fronte
565 2276 652 2336 saxis
676 2275 888 2361 efferciuntur.¹
940 2274 989 2336 his
1019 2274 1191 2336 conlocatis
1220 2279 1278 2339 eta

183 2383 408 2465 coagmentatis
441 2381 522 2444 alius
555 2383 686 2462 insuper
714 2382 790 2443 ordo
822 2381 961 2463 additur,
993 2384 1030 2443 ut
1057 2381 1143 2443 idem
1170 2381 1250 2443 illud

183 2489 388 2552 intervallum
410 2492 555 2551 servetur
571 2507 676 2569 neque
700 2489 785 2551 inter
800 2507 834 2550 se
850 2488 1036 2570 contingant
1059 2487 1172 2567 trabes,
1195 2489 1252 2550 sed

182 2595 313 2677 paribus
340 2596 530 2658 intermissis
563 2596 672 2677 spatiis
701 2595 845 2677 singulae
874 2595 1007 2678 singulis
1037 2595 1123 2656 saxis
1155 2595 1252 2656 inter-

142 2720 170 2762 ro
183 2702 274 2764 iectis
298 2705 365 2763 arte
389 2702 620 2764 contineantur.
667 2702 713 2763 sio
731 2701 879 2783 deinceps
896 2721 988 2764 omne
1014 2721 1092 2783 opus
1109 2702 1279 2766 contexi-4

184 2816 249 2886 tm,
274 2808 351 2869 dum
374 2809 458 2870 iusta
481 2808 565 2869 muri
588 2808 722 2870 altitudo
747 2808 921 2890 expleatur.
960 2808 1110 2870 boccum
1133 2808 1166 2869 in
1183 2825 1279 2890 spe-a

185 2914 266 2977 ciem
289 2916 539 2996 varietatemque
563 2934 642 2996 opus
659 2914 799 2978 deforme
818 2934 884 2976 non
900 2920 948 2977 est
963 2914 1093 2977 alternis
1110 2914 1252 2976 trabibus

184 3039 221 3082 ao
244 3022 343 3101 saxis,
368 3039 450 3101 quae
473 3023 568 3084 rectis
591 3020 685 3084 lineis
709 3041 784 3083 suos
808 3022 936 3084 ordines
956 3026 1096 3103 servant,
1120 3026 1189 3083 tum
1213 3021 1253 3082 ad

185 3127 355 3190 utilitatem
379 3133 410 3190 et
434 3128 652 3191 defensionem
678 3127 806 3190 urbium
829 3148 985 3190 summam
1007 3129 1101 3191 habet
1125 3133 1253 3211 oportu-

144 3234 330 3313 unitatem,
355 3234 441 3316 quod
465 3240 496 3297 et
519 3235 557 3297 ab
582 3234 730 3296 incendio
759 3234 839 3316 lapis
868 3241 898 3298 et
927 3235 965 3298 ab
995 3237 1092 3298 ariete
1120 3237 1253 3298 matoria

276 3480 309 3534 10
329 3481 447 3550 orehrip
489 3482 497 3549 1
540 3481 573 3533 12
592 3482 618 3532 iu
638 3498 716 3550 opere
741 3486 882 3550 occupatos
900 3491 917 3549 β
958 3489 966 3549 1
1008 3484 1041 3535 13
1061 3482 1191 3535 altitudini
1211 3488 1227 3547 β
1245 3480 1253 3551 11

187 3570 221 3620 ld
239 3569 288 3621 alis
311 3568 400 3622 Oiaco.
442 3571 450 3636 11
493 3571 601 3622 14-17
626 3575 652 3623 et
676 3575 781 3639 apertos
802 3613 1057 3625 ...............
1083 3571 1255 3638 prohibebant

185 3675 238 3710 oar.
260 3677 280 3727 q:

275 3764 320 3819 23.
343 3767 365 3816 1.
386 3766 402 3817 2
421 3765 503 3819 Muris
523 3771 613 3819 autem
632 3768 755 3820 omnibus
774 3768 874 3837 gallicis
893 3769 959 3820 haec
978 3769 1032 3819 lero
1050 3768 1134 3820 forma
1152 3768 1193 3818 est
1211 3773 1227 3832 β
1247 3765 1254 3836 11

187 3854 203 3904 ‘2
226 3855 369 3920 perpetuae
392 3854 432 3921 X,
460 3855 528 3907 XIV
546 3857 643 3923 pedum
666 3857 739 3924 aaa
771 3859 779 3925 11
813 3859 829 3909 4
852 3858 902 3909 hae
926 3856 1108 3909 reuiuoiuntm·
1132 3874 1166 3921 ⁷13
1195 3872 1254 3907 aere

187 3942 448 4013 muciuntu1·SQ¹³p;
471 3944 550 3997 haere
574 3946 709 3999 uiciuntur
728 3945 827 4012 Aean,
852 3962 912 3998 aere
932 3945 1066 3997 uiciuntur
1086 3945 1119 3996 111
1124 3945 1131 3972 ¹
1168 3946 1177 4007 11
1213 3945 1254 3995 in-

185 4035 288 4084 trorsus
307 4033 363 4099 π1“;
383 4037 519 4086 extrorsus
539 4034 599 4116 arm
632 4039 640 4100 11
673 4036 857 4101 blrontemp
888 4040 896 4101 11
930 4035 1101 4087 effarcinntur
1121 4052 1156 4086 aa
1189 4035 1197 4101 11
1230 4035 1254 4087 d.

187 4122 202 4171 7
223 4123 250 4172 et
269 4123 437 4189 ooagminatis
457 4124 646 4191 coagmentatis
667 4144 683 4174 o
716 4127 724 4188 11
757 4124 1000 4190 {lintermissiso13
1021 4124 1187 4177 intermissae
1201 4124 1231 4175 X
1247 4122 1255 4191 1

189 4210 220 4260 11
241 4211 437 4278 compleatm·st
