<?xml version="1.0" encoding="UTF-8"?>
<!DOCTYPE html PUBLIC "-//W3C//DTD XHTML 1.0 Transitional//EN"
    "http://www.w3.org/TR/xhtml1/DTD/xhtml1-transitional.dtd">
<html xmlns="http://www.w3.org/1999/xhtml" xml:lang="en" lang="en">
 <head>
  <title>
</title>
<meta http-equiv="Content-Type" content="text/html;charset=utf-8" />
  <meta name='ocr-system' content='tesseract 3.04.00' />
  <meta name='ocr-capabilities' content='ocr_page ocr_carea ocr_par ocr_line ocrx_word'/>
</head>
<body>
  <div class='ocr_page' id='page_1' title='image "./ciuliicaesarisb03meusgoog_0028.png"; bbox 0 0 2886 4666; ppageno 0'>
   <div class='ocr_carea' id='block_1_1' title="bbox 233 304 893 372">
    <p class='ocr_par' dir='ltr' id='par_1_1' title="bbox 233 304 893 372">
     <span class='ocr_line' id='line_1_1' title="bbox 233 304 893 372; baseline 0.011 -8"><span class='ocrx_word' id='word_1_1' title='bbox 233 304 253 364; x_wconf 86' lang='grc'>8</span> <span class='ocrx_word' id='word_1_2' title='bbox 625 315 731 370; x_wconf 80' lang='lat' dir='ltr'><strong>BELLI</strong></span> <span class='ocrx_word' id='word_1_3' title='bbox 750 317 893 372; x_wconf 82' lang='lat' dir='ltr'>GALLICI</span> 
     </span>
    </p>
   </div>
   <div class='ocr_carea' id='block_1_2' title="bbox 124 479 1350 3661">
    <p class='ocr_par' dir='ltr' id='par_1_2' title="bbox 124 479 1350 3661">
     <span class='ocr_line' id='line_1_2' title="bbox 232 479 1303 565; baseline -0.002 -21"><span class='ocrx_word' id='word_1_4' title='bbox 232 499 306 544; x_wconf 89' lang='lat' dir='ltr'>cum</span> <span class='ocrx_word' id='word_1_5' title='bbox 327 480 508 564; x_wconf 77' lang='lat' dir='ltr'>legionibus</span> <span class='ocrx_word' id='word_1_6' title='bbox 539 479 641 542; x_wconf 87' lang='lat' dir='ltr'>tribus</span> <span class='ocrx_word' id='word_1_7' title='bbox 668 498 685 543; x_wconf 89' lang='lat' dir='ltr'>e</span> <span class='ocrx_word' id='word_1_8' title='bbox 710 480 820 543; x_wconf 87' lang='lat' dir='ltr'>castris</span> <span class='ocrx_word' id='word_1_9' title='bbox 842 481 1002 564; x_wconf 88' lang='lat' dir='ltr'>profectus</span> <span class='ocrx_word' id='word_1_10' title='bbox 1025 481 1065 543; x_wconf 92' lang='lat' dir='ltr'>ad</span> <span class='ocrx_word' id='word_1_11' title='bbox 1089 485 1303 565; x_wconf 82' lang='lat' dir='ltr'>campartem</span> 
     </span>
     <span class='ocr_line' id='line_1_3' title="bbox 204 585 1302 672; baseline -0.004 -18"><span class='ocrx_word' id='word_1_12' title='bbox 204 588 393 672; x_wconf 85' lang='lat' dir='ltr'>apervenit,</span> <span class='ocrx_word' id='word_1_13' title='bbox 418 606 500 669; x_wconf 89' lang='lat' dir='ltr'>quae</span> <span class='ocrx_word' id='word_1_14' title='bbox 522 587 667 650; x_wconf 93' lang='lat' dir='ltr'>nondum</span> <span class='ocrx_word' id='word_1_15' title='bbox 690 585 813 650; x_wconf 90' lang='lat' dir='ltr'>flumen</span> <span class='ocrx_word' id='word_1_16' title='bbox 836 589 1011 651; x_wconf 76' lang='lat' dir='ltr'><strong>transierat.</strong></span> <span class='ocrx_word' id='word_1_17' title='bbox 1056 607 1110 651; x_wconf 89' lang='lat' dir='ltr'>eos</span> <span class='ocrx_word' id='word_1_18' title='bbox 1133 587 1302 671; x_wconf 91' lang='lat' dir='ltr'>impeditos</span> 
     </span>
     <span class='ocr_line' id='line_1_4' title="bbox 233 694 1343 778; baseline 0 -19"><span class='ocrx_word' id='word_1_19' title='bbox 233 700 265 760; x_wconf 88' lang='lat' dir='ltr'>et</span> <span class='ocrx_word' id='word_1_20' title='bbox 286 695 490 778; x_wconf 80' lang='lat' dir='ltr'>inopinantes</span> <span class='ocrx_word' id='word_1_21' title='bbox 514 694 682 776; x_wconf 89' lang='lat' dir='ltr'>adgressus</span> <span class='ocrx_word' id='word_1_22' title='bbox 704 712 854 777; x_wconf 88' lang='lat' dir='ltr'>magnam</span> <span class='ocrx_word' id='word_1_23' title='bbox 876 700 999 778; x_wconf 91' lang='lat' dir='ltr'>partem</span> <span class='ocrx_word' id='word_1_24' title='bbox 1022 695 1343 773; x_wconf 87' lang='lat' dir='ltr'>eorumconoidit;1o</span> 
     </span>
     <span class='ocr_line' id='line_1_5' title="bbox 232 800 1302 885; baseline 0.001 -22"><span class='ocrx_word' id='word_1_25' title='bbox 232 801 349 882; x_wconf 82' lang='lat' dir='ltr'>reliqui</span> <span class='ocrx_word' id='word_1_26' title='bbox 382 819 451 865; x_wconf 92' lang='lat' dir='ltr'>sese</span> <span class='ocrx_word' id='word_1_27' title='bbox 482 800 577 884; x_wconf 89' lang='lat' dir='ltr'>fugae</span> <span class='ocrx_word' id='word_1_28' title='bbox 602 801 803 864; x_wconf 90' lang='lat' dir='ltr'>mandarunt</span> <span class='ocrx_word' id='word_1_29' title='bbox 831 805 926 882; x_wconf 91' lang='lat' dir='ltr'>atque</span> <span class='ocrx_word' id='word_1_30' title='bbox 954 801 989 864; x_wconf 92' lang='lat' dir='ltr'>in</span> <span class='ocrx_word' id='word_1_31' title='bbox 1016 802 1178 885; x_wconf 84' lang='lat' dir='ltr'>proximas</span> <span class='ocrx_word' id='word_1_32' title='bbox 1206 801 1302 864; x_wconf 91' lang='lat' dir='ltr'>silvas</span> 
     </span>
     <span class='ocr_line' id='line_1_6' title="bbox 204 907 1302 991; baseline -0.003 -17"><span class='ocrx_word' id='word_1_33' title='bbox 204 908 431 974; x_wconf 73' lang='lat' dir='ltr'>rabdiderunt.</span> <span class='ocrx_word' id='word_1_34' title='bbox 477 908 504 970; x_wconf 93' lang='lat' dir='ltr'>is</span> <span class='ocrx_word' id='word_1_35' title='bbox 527 926 628 991; x_wconf 91' lang='lat' dir='ltr'>pagus</span> <span class='ocrx_word' id='word_1_36' title='bbox 652 907 869 991; x_wconf 80' lang='lat' dir='ltr'>appellabatur</span> <span class='ocrx_word' id='word_1_37' title='bbox 890 907 1076 990; x_wconf 82' lang='lat' dir='ltr'>Tigurinus3</span> <span class='ocrx_word' id='word_1_38' title='bbox 1099 909 1302 971; x_wconf 88' lang='lat' dir='ltr'>namomnis</span> 
     </span>
     <span class='ocr_line' id='line_1_7' title="bbox 206 1013 1301 1098; baseline -0.001 -19"><span class='ocrx_word' id='word_1_39' title='bbox 206 1015 345 1079; x_wconf 75' lang='lat' dir='ltr'>scivitas</span> <span class='ocrx_word' id='word_1_40' title='bbox 368 1013 517 1077; x_wconf 84' lang='lat' dir='ltr'>Helvetia</span> <span class='ocrx_word' id='word_1_41' title='bbox 544 1015 579 1076; x_wconf 90' lang='lat' dir='ltr'>in</span> <span class='ocrx_word' id='word_1_42' title='bbox 608 1019 757 1094; x_wconf 90' lang='lat' dir='ltr'>quattuor</span> <span class='ocrx_word' id='word_1_43' title='bbox 779 1033 876 1098; x_wconf 91' lang='lat' dir='ltr'>pagos</span> <span class='ocrx_word' id='word_1_44' title='bbox 900 1015 1004 1077; x_wconf 85' lang='lat' dir='ltr'>divisa</span> <span class='ocrx_word' id='word_1_45' title='bbox 1027 1021 1081 1078; x_wconf 88' lang='lat' dir='ltr'>est.</span> <span class='ocrx_word' id='word_1_46' title='bbox 1127 1015 1179 1078; x_wconf 91' lang='lat' dir='ltr'>hic</span> <span class='ocrx_word' id='word_1_47' title='bbox 1201 1034 1301 1098; x_wconf 83' lang='lat' dir='ltr'>pagus</span> 
     </span>
     <span class='ocr_line' id='line_1_8' title="bbox 233 1120 1301 1203; baseline -0.001 -19"><span class='ocrx_word' id='word_1_48' title='bbox 233 1140 330 1202; x_wconf 89' lang='lat' dir='ltr'>unus,</span> <span class='ocrx_word' id='word_1_49' title='bbox 359 1140 434 1184; x_wconf 90' lang='lat' dir='ltr'>cum</span> <span class='ocrx_word' id='word_1_50' title='bbox 457 1120 551 1183; x_wconf 93' lang='lat' dir='ltr'>domo</span> <span class='ocrx_word' id='word_1_51' title='bbox 575 1122 706 1201; x_wconf 77' lang='lat' dir='ltr'>exisset,</span> <span class='ocrx_word' id='word_1_52' title='bbox 733 1127 860 1203; x_wconf 91' lang='lat' dir='ltr'>patrum</span> <span class='ocrx_word' id='word_1_53' title='bbox 883 1126 1065 1184; x_wconf 89' lang='lat' dir='ltr'>nostrorum</span> <span class='ocrx_word' id='word_1_54' title='bbox 1091 1122 1246 1184; x_wconf 90' lang='lat' dir='ltr'>memoria</span> <span class='ocrx_word' id='word_1_55' title='bbox 1267 1121 1301 1185; x_wconf 91' lang='lat' dir='ltr'>L.</span> 
     </span>
     <span class='ocr_line' id='line_1_9' title="bbox 234 1227 1342 1293; baseline 0.002 -3"><span class='ocrx_word' id='word_1_56' title='bbox 234 1227 379 1291; x_wconf 83' lang='lat' dir='ltr'>Cassium</span> <span class='ocrx_word' id='word_1_57' title='bbox 415 1228 579 1291; x_wconf 89' lang='lat' dir='ltr'>consulem</span> <span class='ocrx_word' id='word_1_58' title='bbox 615 1228 817 1291; x_wconf 85' lang='lat' dir='ltr'>interfecerat</span> <span class='ocrx_word' id='word_1_59' title='bbox 853 1233 885 1292; x_wconf 89' lang='lat' dir='ltr'>et</span> <span class='ocrx_word' id='word_1_60' title='bbox 920 1229 990 1291; x_wconf 90' lang='lat' dir='ltr'>eius</span> <span class='ocrx_word' id='word_1_61' title='bbox 1028 1229 1205 1292; x_wconf 88' lang='lat' dir='ltr'>exercitum</span> <span class='ocrx_word' id='word_1_62' title='bbox 1241 1228 1300 1292; x_wconf 92' lang='lat' dir='ltr'>sub</span> <span class='ocrx_word' id='word_1_63' title='bbox 1315 1251 1342 1293; x_wconf 82' lang='lat'>15</span> 
     </span>
     <span class='ocr_line' id='line_1_10' title="bbox 206 1334 1302 1418; baseline -0.002 -19"><span class='ocrx_word' id='word_1_64' title='bbox 206 1336 346 1418; x_wconf 82' lang='lat' dir='ltr'>siugum</span> <span class='ocrx_word' id='word_1_65' title='bbox 373 1335 511 1398; x_wconf 86' lang='lat' dir='ltr'>miserat.</span> <span class='ocrx_word' id='word_1_66' title='bbox 558 1335 602 1397; x_wconf 84' lang='lat' dir='ltr'>ita</span> <span class='ocrx_word' id='word_1_67' title='bbox 629 1335 696 1397; x_wconf 84' lang='lat' dir='ltr'>sive</span> <span class='ocrx_word' id='word_1_68' title='bbox 725 1353 802 1397; x_wconf 88' lang='lat' dir='ltr'>casu</span> <span class='ocrx_word' id='word_1_69' title='bbox 830 1335 897 1397; x_wconf 84' lang='lat' dir='ltr'>sive</span> <span class='ocrx_word' id='word_1_70' title='bbox 926 1334 1058 1398; x_wconf 89' lang='lat' dir='ltr'>consilio</span> <span class='ocrx_word' id='word_1_71' title='bbox 1087 1335 1220 1398; x_wconf 92' lang='lat' dir='ltr'>deorum</span> <span class='ocrx_word' id='word_1_72' title='bbox 1243 1337 1302 1397; x_wconf 93' lang='lat' dir='ltr'>im-</span> 
     </span>
     <span class='ocr_line' id='line_1_11' title="bbox 232 1439 1301 1525; baseline -0.001 -20"><span class='ocrx_word' id='word_1_73' title='bbox 232 1443 416 1505; x_wconf 87' lang='lat' dir='ltr'>mortalium</span> <span class='ocrx_word' id='word_1_74' title='bbox 440 1459 521 1522; x_wconf 91' lang='lat' dir='ltr'>quae</span> <span class='ocrx_word' id='word_1_75' title='bbox 544 1459 618 1524; x_wconf 87' lang='lat' dir='ltr'>pars</span> <span class='ocrx_word' id='word_1_76' title='bbox 642 1441 777 1503; x_wconf 84' lang='lat' dir='ltr'>civitatis</span> <span class='ocrx_word' id='word_1_77' title='bbox 800 1439 966 1505; x_wconf 85' lang='lat' dir='ltr'>Helvetiae</span> <span class='ocrx_word' id='word_1_78' title='bbox 990 1442 1150 1525; x_wconf 84' lang='lat' dir='ltr'>insignem</span> <span class='ocrx_word' id='word_1_79' title='bbox 1174 1442 1301 1505; x_wconf 89' lang='lat' dir='ltr'>calami-</span> 
     </span>
     <span class='ocr_line' id='line_1_12' title="bbox 232 1547 1301 1633; baseline -0.002 -19"><span class='ocrx_word' id='word_1_80' title='bbox 232 1555 330 1614; x_wconf 89' lang='lat' dir='ltr'>tatem</span> <span class='ocrx_word' id='word_1_81' title='bbox 357 1549 474 1633; x_wconf 91' lang='lat' dir='ltr'>popnlo</span> <span class='ocrx_word' id='word_1_82' title='bbox 499 1548 643 1611; x_wconf 88' lang='lat' dir='ltr'>Romano</span> <span class='ocrx_word' id='word_1_83' title='bbox 671 1547 836 1630; x_wconf 87' lang='lat' dir='ltr'>intulerat,</span> <span class='ocrx_word' id='word_1_84' title='bbox 860 1567 898 1611; x_wconf 91' lang='lat' dir='ltr'>ea</span> <span class='ocrx_word' id='word_1_85' title='bbox 919 1548 1067 1632; x_wconf 89' lang='lat' dir='ltr'>princeps</span> <span class='ocrx_word' id='word_1_86' title='bbox 1089 1567 1208 1631; x_wconf 88' lang='lat' dir='ltr'>poenas</span> <span class='ocrx_word' id='word_1_87' title='bbox 1231 1568 1301 1632; x_wconf 91' lang='lat' dir='ltr'>per·</span> 
     </span>
     <span class='ocr_line' id='line_1_13' title="bbox 206 1654 1302 1738; baseline -0.003 -17"><span class='ocrx_word' id='word_1_88' title='bbox 206 1657 336 1721; x_wconf 83' lang='lat' dir='ltr'>rsolvit.</span> <span class='ocrx_word' id='word_1_89' title='bbox 384 1656 504 1737; x_wconf 89' lang='lat' dir='ltr'>quain</span> <span class='ocrx_word' id='word_1_90' title='bbox 527 1674 562 1718; x_wconf 89' lang='lat' dir='ltr'>re</span> <span class='ocrx_word' id='word_1_91' title='bbox 582 1654 698 1718; x_wconf 80' lang='lat' dir='ltr'>Caesar</span> <span class='ocrx_word' id='word_1_92' title='bbox 719 1673 785 1717; x_wconf 91' lang='lat' dir='ltr'>non</span> <span class='ocrx_word' id='word_1_93' title='bbox 808 1654 913 1717; x_wconf 92' lang='lat' dir='ltr'>solum</span> <span class='ocrx_word' id='word_1_94' title='bbox 935 1655 1092 1738; x_wconf 87' lang='lat' dir='ltr'>publicas,</span> <span class='ocrx_word' id='word_1_95' title='bbox 1121 1656 1177 1719; x_wconf 91' lang='lat' dir='ltr'>sed</span> <span class='ocrx_word' id='word_1_96' title='bbox 1206 1657 1302 1720; x_wconf 85' lang='lat' dir='ltr'>etiam</span> 
     </span>
     <span class='ocr_line' id='line_1_14' title="bbox 232 1761 1342 1846; baseline 0.003 -21"><span class='ocrx_word' id='word_1_97' title='bbox 232 1764 372 1846; x_wconf 88' lang='lat' dir='ltr'>privatas</span> <span class='ocrx_word' id='word_1_98' title='bbox 399 1762 534 1824; x_wconf 92' lang='lat' dir='ltr'>iniurias</span> <span class='ocrx_word' id='word_1_99' title='bbox 562 1761 649 1824; x_wconf 90' lang='lat' dir='ltr'>ultus</span> <span class='ocrx_word' id='word_1_100' title='bbox 677 1765 736 1841; x_wconf 91' lang='lat' dir='ltr'>est,</span> <span class='ocrx_word' id='word_1_101' title='bbox 766 1761 851 1842; x_wconf 91' lang='lat' dir='ltr'>quod</span> <span class='ocrx_word' id='word_1_102' title='bbox 879 1762 949 1824; x_wconf 91' lang='lat' dir='ltr'>eius</span> <span class='ocrx_word' id='word_1_103' title='bbox 976 1764 1078 1825; x_wconf 91' lang='lat' dir='ltr'>soceri</span> <span class='ocrx_word' id='word_1_104' title='bbox 1104 1761 1138 1825; x_wconf 90' lang='lat' dir='ltr'>L.</span> <span class='ocrx_word' id='word_1_105' title='bbox 1172 1762 1301 1826; x_wconf 90' lang='lat' dir='ltr'>Pisonis</span> <span class='ocrx_word' id='word_1_106' title='bbox 1315 1784 1342 1828; x_wconf 85' lang='lat' dir='ltr'>ao</span> 
     </span>
     <span class='ocr_line' id='line_1_15' title="bbox 234 1867 1300 1953; baseline 0.001 -21"><span class='ocrx_word' id='word_1_107' title='bbox 234 1889 341 1951; x_wconf 86' lang='lat' dir='ltr'>avum,</span> <span class='ocrx_word' id='word_1_108' title='bbox 365 1867 398 1931; x_wconf 89' lang='lat' dir='ltr'>L.</span> <span class='ocrx_word' id='word_1_109' title='bbox 422 1868 573 1932; x_wconf 87' lang='lat' dir='ltr'>Pisonem</span> <span class='ocrx_word' id='word_1_110' title='bbox 596 1868 749 1951; x_wconf 89' lang='lat' dir='ltr'>legatum,</span> <span class='ocrx_word' id='word_1_111' title='bbox 771 1869 914 1950; x_wconf 79' lang='lat' dir='ltr'>Tigurini</span> <span class='ocrx_word' id='word_1_112' title='bbox 938 1869 1051 1932; x_wconf 92' lang='lat' dir='ltr'>eodem</span> <span class='ocrx_word' id='word_1_113' title='bbox 1073 1869 1207 1953; x_wconf 93' lang='lat' dir='ltr'>proelio,</span> <span class='ocrx_word' id='word_1_114' title='bbox 1237 1889 1300 1952; x_wconf 89' lang='lat' dir='ltr'>quo</span> 
     </span>
     <span class='ocr_line' id='line_1_16' title="bbox 234 1974 1232 2063; baseline -0.001 -25"><span class='ocrx_word' id='word_1_115' title='bbox 234 1974 393 2056; x_wconf 83' lang='lat' dir='ltr'>Cassium,</span> <span class='ocrx_word' id='word_1_116' title='bbox 416 1975 648 2039; x_wconf 78' lang='lat' dir='ltr'>interfecerant.</span> <span class='ocrx_word' id='word_1_117' title='bbox 1230 2059 1232 2063; x_wconf 23' lang='grc' dir='ltr'>Ι</span> 
     </span>
     <span class='ocr_line' id='line_1_17' title="bbox 179 2081 1327 2167; baseline 0.001 -22"><span class='ocrx_word' id='word_1_118' title='bbox 179 2096 215 2152; x_wconf 82' lang='lat'>13</span> <span class='ocrx_word' id='word_1_119' title='bbox 321 2081 393 2146; x_wconf 93' lang='lat' dir='ltr'>Hoc</span> <span class='ocrx_word' id='word_1_120' title='bbox 411 2082 530 2166; x_wconf 92' lang='lat' dir='ltr'>proelio</span> <span class='ocrx_word' id='word_1_121' title='bbox 549 2082 632 2144; x_wconf 86' lang='lat' dir='ltr'>facto</span> <span class='ocrx_word' id='word_1_122' title='bbox 651 2082 791 2164; x_wconf 88' lang='lat' dir='ltr'>reliquas</span> <span class='ocrx_word' id='word_1_123' title='bbox 810 2085 916 2167; x_wconf 90' lang='lat' dir='ltr'>copias</span> <span class='ocrx_word' id='word_1_124' title='bbox 930 2082 1153 2147; x_wconf 89' lang='lat' dir='ltr'>Helvetiorum</span> <span class='ocrx_word' id='word_1_125' title='bbox 1172 2089 1208 2146; x_wconf 91' lang='lat' dir='ltr'>ut</span> <span class='ocrx_word' id='word_1_126' title='bbox 1226 2104 1327 2147; x_wconf 86' lang='lat' dir='ltr'>con-1</span> 
     </span>
     <span class='ocr_line' id='line_1_18' title="bbox 234 2189 1301 2274; baseline 0.001 -21"><span class='ocrx_word' id='word_1_127' title='bbox 234 2191 326 2271; x_wconf 90' lang='lat' dir='ltr'>sequi</span> <span class='ocrx_word' id='word_1_128' title='bbox 348 2193 466 2274; x_wconf 90' lang='lat' dir='ltr'>posset,</span> <span class='ocrx_word' id='word_1_129' title='bbox 489 2195 620 2272; x_wconf 92' lang='lat' dir='ltr'>pontem</span> <span class='ocrx_word' id='word_1_130' title='bbox 642 2189 678 2250; x_wconf 92' lang='lat' dir='ltr'>in</span> <span class='ocrx_word' id='word_1_131' title='bbox 701 2189 796 2252; x_wconf 84' lang='lat' dir='ltr'>Arari</span> <span class='ocrx_word' id='word_1_132' title='bbox 819 2189 1001 2253; x_wconf 89' lang='lat' dir='ltr'>faciendum</span> <span class='ocrx_word' id='word_1_133' title='bbox 1025 2195 1115 2253; x_wconf 91' lang='lat' dir='ltr'>curat</span> <span class='ocrx_word' id='word_1_134' title='bbox 1138 2196 1233 2272; x_wconf 91' lang='lat' dir='ltr'>atque</span> <span class='ocrx_word' id='word_1_135' title='bbox 1257 2193 1301 2254; x_wconf 86' lang='lat' dir='ltr'>ita</span> 
     </span>
     <span class='ocr_line' id='line_1_19' title="bbox 206 2295 1300 2379; baseline -0.002 -19"><span class='ocrx_word' id='word_1_136' title='bbox 206 2297 411 2362; x_wconf 78' lang='lat' dir='ltr'>aenercitum</span> <span class='ocrx_word' id='word_1_137' title='bbox 433 2297 578 2359; x_wconf 88' lang='lat' dir='ltr'>traducit.</span> <span class='ocrx_word' id='word_1_138' title='bbox 615 2295 757 2360; x_wconf 85' lang='lat' dir='ltr'>Helvetii</span> <span class='ocrx_word' id='word_1_139' title='bbox 774 2298 940 2379; x_wconf 85' lang='lat' dir='ltr'>repentino</span> <span class='ocrx_word' id='word_1_140' title='bbox 964 2299 1033 2361; x_wconf 91' lang='lat' dir='ltr'>eins</span> <span class='ocrx_word' id='word_1_141' title='bbox 1057 2298 1196 2360; x_wconf 85' lang='lat' dir='ltr'>adventu</span> <span class='ocrx_word' id='word_1_142' title='bbox 1216 2317 1300 2359; x_wconf 90' lang='lat' dir='ltr'>com-</span> 
     </span>
     <span class='ocr_line' id='line_1_20' title="bbox 233 2403 1300 2486; baseline -0.001 -20"><span class='ocrx_word' id='word_1_143' title='bbox 233 2405 311 2466; x_wconf 88' lang='lat' dir='ltr'>moti</span> <span class='ocrx_word' id='word_1_144' title='bbox 339 2424 412 2467; x_wconf 87' lang='lat' dir='ltr'>cum</span> <span class='ocrx_word' id='word_1_145' title='bbox 439 2404 484 2486; x_wconf 92' lang='lat' dir='ltr'>id,</span> <span class='ocrx_word' id='word_1_146' title='bbox 518 2404 604 2484; x_wconf 93' lang='lat' dir='ltr'>quod</span> <span class='ocrx_word' id='word_1_147' title='bbox 631 2404 693 2486; x_wconf 91' lang='lat' dir='ltr'>ipsi</span> <span class='ocrx_word' id='word_1_148' title='bbox 722 2403 832 2466; x_wconf 90' lang='lat' dir='ltr'>diebus</span> <span class='ocrx_word' id='word_1_149' title='bbox 859 2404 928 2467; x_wconf 89' lang='lat' dir='ltr'>XX</span> <span class='ocrx_word' id='word_1_150' title='bbox 955 2405 1128 2486; x_wconf 88' lang='lat' dir='ltr'>aegerrime</span> <span class='ocrx_word' id='word_1_151' title='bbox 1157 2403 1300 2467; x_wconf 88' lang='lat' dir='ltr'>confece-</span> 
     </span>
     <span class='ocr_line' id='line_1_21' title="bbox 233 2508 1350 2592; baseline -0.002 -20"><span class='ocrx_word' id='word_1_152' title='bbox 233 2516 318 2592; x_wconf 89' lang='lat' dir='ltr'>rant,</span> <span class='ocrx_word' id='word_1_153' title='bbox 346 2515 383 2573; x_wconf 89' lang='lat' dir='ltr'>ut</span> <span class='ocrx_word' id='word_1_154' title='bbox 404 2509 524 2574; x_wconf 89' lang='lat' dir='ltr'>flumen</span> <span class='ocrx_word' id='word_1_155' title='bbox 546 2511 730 2591; x_wconf 84' lang='lat' dir='ltr'>transirent,</span> <span class='ocrx_word' id='word_1_156' title='bbox 758 2510 850 2572; x_wconf 90' lang='lat' dir='ltr'>illum</span> <span class='ocrx_word' id='word_1_157' title='bbox 872 2530 938 2573; x_wconf 89' lang='lat' dir='ltr'>uno</span> <span class='ocrx_word' id='word_1_158' title='bbox 963 2511 1013 2573; x_wconf 89' lang='lat' dir='ltr'>die</span> <span class='ocrx_word' id='word_1_159' title='bbox 1040 2510 1152 2573; x_wconf 89' lang='lat' dir='ltr'>fecisse</span> <span class='ocrx_word' id='word_1_160' title='bbox 1175 2508 1350 2572; x_wconf 84' lang='lat' dir='ltr'>intelle-o·</span> 
     </span>
     <span class='ocr_line' id='line_1_22' title="bbox 234 2613 1299 2701; baseline -0.002 -21"><span class='ocrx_word' id='word_1_161' title='bbox 234 2621 357 2701; x_wconf 84' lang='lat' dir='ltr'>gerent,</span> <span class='ocrx_word' id='word_1_162' title='bbox 384 2616 505 2700; x_wconf 88' lang='lat' dir='ltr'>legatos</span> <span class='ocrx_word' id='word_1_163' title='bbox 533 2618 573 2680; x_wconf 88' lang='lat' dir='ltr'>ad</span> <span class='ocrx_word' id='word_1_164' title='bbox 601 2636 675 2680; x_wconf 91' lang='lat' dir='ltr'>eum</span> <span class='ocrx_word' id='word_1_165' title='bbox 703 2617 845 2695; x_wconf 82' lang='lat' dir='ltr'>mittunt3</span> <span class='ocrx_word' id='word_1_166' title='bbox 875 2618 967 2679; x_wconf 90' lang='lat' dir='ltr'>cuius</span> <span class='ocrx_word' id='word_1_167' title='bbox 994 2616 1162 2699; x_wconf 91' lang='lat' dir='ltr'>legationis</span> <span class='ocrx_word' id='word_1_168' title='bbox 1185 2613 1299 2678; x_wconf 91' lang='lat' dir='ltr'>Divico</span> 
     </span>
     <span class='ocr_line' id='line_1_23' title="bbox 232 2721 1299 2807; baseline -0.003 -21"><span class='ocrx_word' id='word_1_169' title='bbox 232 2725 380 2807; x_wconf 88' lang='lat' dir='ltr'>princeps</span> <span class='ocrx_word' id='word_1_170' title='bbox 402 2723 476 2805; x_wconf 86' lang='lat' dir='ltr'>fuit,</span> <span class='ocrx_word' id='word_1_171' title='bbox 501 2725 557 2806; x_wconf 88' lang='lat' dir='ltr'>qui</span> <span class='ocrx_word' id='word_1_172' title='bbox 579 2723 663 2787; x_wconf 91' lang='lat' dir='ltr'>bello</span> <span class='ocrx_word' id='word_1_173' title='bbox 688 2721 836 2786; x_wconf 84' lang='lat' dir='ltr'>Cassiano</span> <span class='ocrx_word' id='word_1_174' title='bbox 858 2724 926 2785; x_wconf 84' lang='lat' dir='ltr'>dux</span> <span class='ocrx_word' id='word_1_175' title='bbox 944 2722 1167 2786; x_wconf 81' lang='lat' dir='ltr'>Helvetiorum</span> <span class='ocrx_word' id='word_1_176' title='bbox 1188 2723 1299 2786; x_wconf 80' lang='lat' dir='ltr'>fuerat.</span> 
     </span>
     <span class='ocr_line' id='line_1_24' title="bbox 205 2829 1300 2914; baseline -0.002 -21"><span class='ocrx_word' id='word_1_177' title='bbox 205 2832 260 2893; x_wconf 82' lang='lat' dir='ltr'>ais</span> <span class='ocrx_word' id='word_1_178' title='bbox 283 2832 328 2894; x_wconf 91' lang='lat' dir='ltr'>ita</span> <span class='ocrx_word' id='word_1_179' title='bbox 351 2851 422 2893; x_wconf 91' lang='lat' dir='ltr'>cum</span> <span class='ocrx_word' id='word_1_180' title='bbox 443 2829 577 2894; x_wconf 78' lang='lat' dir='ltr'>Caesare</span> <span class='ocrx_word' id='word_1_181' title='bbox 596 2831 674 2914; x_wconf 89' lang='lat' dir='ltr'>egit:</span> <span class='ocrx_word' id='word_1_182' title='bbox 700 2831 727 2893; x_wconf 92' lang='lat' dir='ltr'>si</span> <span class='ocrx_word' id='word_1_183' title='bbox 750 2848 861 2913; x_wconf 92' lang='lat' dir='ltr'>pacem</span> <span class='ocrx_word' id='word_1_184' title='bbox 883 2829 1021 2913; x_wconf 92' lang='lat' dir='ltr'>populus</span> <span class='ocrx_word' id='word_1_185' title='bbox 1039 2829 1203 2892; x_wconf 88' lang='lat' dir='ltr'>Romanus</span> <span class='ocrx_word' id='word_1_186' title='bbox 1226 2848 1300 2891; x_wconf 89' lang='lat' dir='ltr'>cum</span> 
     </span>
     <span class='ocr_line' id='line_1_25' title="bbox 233 2936 1299 3020; baseline 0 -21"><span class='ocrx_word' id='word_1_187' title='bbox 233 2936 389 3000; x_wconf 86' lang='lat' dir='ltr'>Helvetiis</span> <span class='ocrx_word' id='word_1_188' title='bbox 412 2937 542 3018; x_wconf 88' lang='lat' dir='ltr'>faceret,</span> <span class='ocrx_word' id='word_1_189' title='bbox 568 2938 602 2999; x_wconf 91' lang='lat' dir='ltr'>in</span> <span class='ocrx_word' id='word_1_190' title='bbox 629 2941 843 3020; x_wconf 88' lang='lat' dir='ltr'>campartem</span> <span class='ocrx_word' id='word_1_191' title='bbox 866 2938 966 2999; x_wconf 90' lang='lat' dir='ltr'>ituros</span> <span class='ocrx_word' id='word_1_192' title='bbox 989 2942 1085 3017; x_wconf 89' lang='lat' dir='ltr'>atque</span> <span class='ocrx_word' id='word_1_193' title='bbox 1108 2937 1154 2999; x_wconf 93' lang='lat' dir='ltr'>ibi</span> <span class='ocrx_word' id='word_1_194' title='bbox 1176 2937 1299 3000; x_wconf 86' lang='lat' dir='ltr'>futuros</span> 
     </span>
     <span class='ocr_line' id='line_1_26' title="bbox 233 3042 1340 3125; baseline 0.001 -20"><span class='ocrx_word' id='word_1_195' title='bbox 233 3042 410 3124; x_wconf 84' lang='lat' dir='ltr'>Helvetios,</span> <span class='ocrx_word' id='word_1_196' title='bbox 434 3045 491 3107; x_wconf 90' lang='lat' dir='ltr'>ubi</span> <span class='ocrx_word' id='word_1_197' title='bbox 514 3063 567 3107; x_wconf 90' lang='lat' dir='ltr'>eos</span> <span class='ocrx_word' id='word_1_198' title='bbox 592 3042 706 3106; x_wconf 79' lang='lat' dir='ltr'>Caesar</span> <span class='ocrx_word' id='word_1_199' title='bbox 729 3044 946 3107; x_wconf 88' lang='lat' dir='ltr'>constituisset</span> <span class='ocrx_word' id='word_1_200' title='bbox 968 3048 1064 3125; x_wconf 87' lang='lat' dir='ltr'>atque</span> <span class='ocrx_word' id='word_1_201' title='bbox 1088 3062 1157 3107; x_wconf 91' lang='lat' dir='ltr'>esse</span> <span class='ocrx_word' id='word_1_202' title='bbox 1180 3043 1300 3106; x_wconf 87' lang='lat' dir='ltr'>voluis·</span> <span class='ocrx_word' id='word_1_203' title='bbox 1314 3063 1340 3106; x_wconf 83' lang='lat' dir='ltr'>ro</span> 
     </span>
     <span class='ocr_line' id='line_1_27' title="bbox 205 3149 1299 3232; baseline 0.001 -19"><span class='ocrx_word' id='word_1_204' title='bbox 205 3155 294 3228; x_wconf 73' lang='lat' dir='ltr'>nset3</span> <span class='ocrx_word' id='word_1_205' title='bbox 319 3151 369 3212; x_wconf 89' lang='lat' dir='ltr'>sin</span> <span class='ocrx_word' id='word_1_206' title='bbox 391 3149 476 3213; x_wconf 93' lang='lat' dir='ltr'>bello</span> <span class='ocrx_word' id='word_1_207' title='bbox 499 3151 648 3232; x_wconf 91' lang='lat' dir='ltr'>persequi</span> <span class='ocrx_word' id='word_1_208' title='bbox 666 3156 896 3232; x_wconf 83' lang='lat' dir='ltr'>perseveraret,</span> <span class='ocrx_word' id='word_1_209' title='bbox 919 3151 1177 3214; x_wconf 79' lang='lat' dir='ltr'>reminisceretur</span> <span class='ocrx_word' id='word_1_210' title='bbox 1196 3157 1227 3214; x_wconf 88' lang='lat' dir='ltr'>et</span> <span class='ocrx_word' id='word_1_211' title='bbox 1245 3170 1299 3215; x_wconf 84' lang='lat' dir='ltr'>re-</span> 
     </span>
     <span class='ocr_line' id='line_1_28' title="bbox 232 3256 1299 3340; baseline -0.001 -20"><span class='ocrx_word' id='word_1_212' title='bbox 232 3257 308 3320; x_wconf 90' lang='lat' dir='ltr'>teris</span> <span class='ocrx_word' id='word_1_213' title='bbox 331 3257 526 3319; x_wconf 89' lang='lat' dir='ltr'>incommodi</span> <span class='ocrx_word' id='word_1_214' title='bbox 548 3256 659 3339; x_wconf 91' lang='lat' dir='ltr'>populi</span> <span class='ocrx_word' id='word_1_215' title='bbox 682 3256 819 3320; x_wconf 89' lang='lat' dir='ltr'>Romani</span> <span class='ocrx_word' id='word_1_216' title='bbox 843 3261 874 3319; x_wconf 90' lang='lat' dir='ltr'>et</span> <span class='ocrx_word' id='word_1_217' title='bbox 895 3257 1048 3340; x_wconf 86' lang='lat' dir='ltr'>pristinae</span> <span class='ocrx_word' id='word_1_218' title='bbox 1072 3259 1198 3322; x_wconf 81' lang='lat' dir='ltr'>virtutis</span> <span class='ocrx_word' id='word_1_219' title='bbox 1221 3256 1299 3321; x_wconf 89' lang='lat' dir='ltr'>Hel-</span> 
     </span>
     <span class='ocr_line' id='line_1_29' title="bbox 124 3363 1299 3454; baseline 0 -28"><span class='ocrx_word' id='word_1_220' title='bbox 124 3447 126 3454; x_wconf 31' lang='lat'>,</span> <span class='ocrx_word' id='word_1_221' title='bbox 204 3364 397 3426; x_wconf 79' lang='lat' dir='ltr'>oratiorum.</span> <span class='ocrx_word' id='word_1_222' title='bbox 446 3363 532 3444; x_wconf 91' lang='lat' dir='ltr'>quod</span> <span class='ocrx_word' id='word_1_223' title='bbox 559 3363 730 3446; x_wconf 91' lang='lat' dir='ltr'>improviso</span> <span class='ocrx_word' id='word_1_224' title='bbox 761 3384 862 3426; x_wconf 90' lang='lat' dir='ltr'>unum</span> <span class='ocrx_word' id='word_1_225' title='bbox 894 3383 1013 3447; x_wconf 89' lang='lat' dir='ltr'>pagum</span> <span class='ocrx_word' id='word_1_226' title='bbox 1045 3365 1174 3428; x_wconf 81' lang='lat' dir='ltr'>adortus</span> <span class='ocrx_word' id='word_1_227' title='bbox 1208 3369 1299 3446; x_wconf 89' lang='lat' dir='ltr'>esset,</span> 
     </span>
     <span class='ocr_line' id='line_1_30' title="bbox 233 3468 1300 3553; baseline 0.001 -21"><span class='ocrx_word' id='word_1_228' title='bbox 233 3489 307 3533; x_wconf 91' lang='lat' dir='ltr'>curn</span> <span class='ocrx_word' id='word_1_229' title='bbox 333 3470 369 3552; x_wconf 91' lang='lat' dir='ltr'>ii,</span> <span class='ocrx_word' id='word_1_230' title='bbox 399 3470 455 3551; x_wconf 92' lang='lat' dir='ltr'>qui</span> <span class='ocrx_word' id='word_1_231' title='bbox 482 3468 604 3533; x_wconf 87' lang='lat' dir='ltr'>flumen</span> <span class='ocrx_word' id='word_1_232' title='bbox 626 3471 826 3553; x_wconf 87' lang='lat' dir='ltr'>transissent,</span> <span class='ocrx_word' id='word_1_233' title='bbox 853 3472 920 3533; x_wconf 90' lang='lat' dir='ltr'>suis</span> <span class='ocrx_word' id='word_1_234' title='bbox 948 3471 1106 3534; x_wconf 81' lang='lat' dir='ltr'>auxilium</span> <span class='ocrx_word' id='word_1_235' title='bbox 1128 3470 1211 3534; x_wconf 83' lang='lat' dir='ltr'>ferre</span> <span class='ocrx_word' id='word_1_236' title='bbox 1234 3490 1300 3533; x_wconf 95' lang='lat' dir='ltr'>non</span> 
     </span>
     <span class='ocr_line' id='line_1_31' title="bbox 232 3577 1339 3661; baseline 0 -22"><span class='ocrx_word' id='word_1_237' title='bbox 232 3582 372 3659; x_wconf 88' lang='lat' dir='ltr'>possent,</span> <span class='ocrx_word' id='word_1_238' title='bbox 410 3596 450 3640; x_wconf 93' lang='lat' dir='ltr'>ne</span> <span class='ocrx_word' id='word_1_239' title='bbox 485 3577 524 3640; x_wconf 94' lang='lat' dir='ltr'>ob</span> <span class='ocrx_word' id='word_1_240' title='bbox 558 3597 627 3640; x_wconf 89' lang='lat' dir='ltr'>eam</span> <span class='ocrx_word' id='word_1_241' title='bbox 659 3597 727 3641; x_wconf 89' lang='lat' dir='ltr'>rem</span> <span class='ocrx_word' id='word_1_242' title='bbox 763 3583 819 3640; x_wconf 91' lang='lat' dir='ltr'>aut</span> <span class='ocrx_word' id='word_1_243' title='bbox 851 3596 927 3641; x_wconf 89' lang='lat' dir='ltr'>suae</span> <span class='ocrx_word' id='word_1_244' title='bbox 963 3597 1154 3661; x_wconf 90' lang='lat' dir='ltr'>magnopere</span> <span class='ocrx_word' id='word_1_245' title='bbox 1186 3578 1299 3641; x_wconf 81' lang='lat' dir='ltr'>virtuti</span> <span class='ocrx_word' id='word_1_246' title='bbox 1314 3597 1339 3639; x_wconf 82' lang='lat'>15</span> 
     </span>
    </p>
   </div>
   <div class='ocr_carea' id='block_1_3' title="bbox 232 3749 445 3756">
    <p class='ocr_par' dir='ltr' id='par_1_3' title="bbox 232 3749 445 3756">
     <span class='ocr_line' id='line_1_32' title="bbox 232 3749 445 3756; baseline 0.009 -2"><span class='ocrx_word' id='word_1_247' title='bbox 232 3749 445 3756; x_wconf 75' lang='lat'>————.</span> 
     </span>
    </p>
   </div>
   <div class='ocr_carea' id='block_1_4' title="bbox 232 3859 1300 4110">
    <p class='ocr_par' dir='ltr' id='par_1_4' title="bbox 232 3859 1300 4110">
     <span class='ocr_line' id='line_1_33' title="bbox 322 3859 1299 3932; baseline -0.001 -18"><span class='ocrx_word' id='word_1_248' title='bbox 322 3861 356 3916; x_wconf 87' lang='lat'>10</span> <span class='ocrx_word' id='word_1_249' title='bbox 380 3877 469 3915; x_wconf 92' lang='lat' dir='ltr'>eorum</span> <span class='ocrx_word' id='word_1_250' title='bbox 493 3863 596 3929; x_wconf 79' lang='lat' dir='ltr'>partem</span> <span class='ocrx_word' id='word_1_251' title='bbox 619 3879 641 3912; x_wconf 86' lang='grc' dir='ltr'><em>π</em></span> <span class='ocrx_word' id='word_1_252' title='bbox 689 3859 697 3932; x_wconf 95' lang='grc' dir='ltr'>ΗΗ</span> <span class='ocrx_word' id='word_1_253' title='bbox 743 3863 773 3914; x_wconf 91' lang='grc'>11</span> <span class='ocrx_word' id='word_1_254' title='bbox 800 3877 829 3915; x_wconf 88' lang='lat' dir='ltr'>se</span> <span class='ocrx_word' id='word_1_255' title='bbox 852 3880 874 3912; x_wconf 82' lang='grc' dir='ltr'><em>π</em></span> <span class='ocrx_word' id='word_1_256' title='bbox 919 3859 927 3932; x_wconf 96' lang='grc' dir='ltr'>ΗΗ</span> <span class='ocrx_word' id='word_1_257' title='bbox 971 3860 1000 3912; x_wconf 90' lang='lat' dir='ltr'>in</span> <span class='ocrx_word' id='word_1_258' title='bbox 1021 3861 1150 3929; x_wconf 83' lang='lat' dir='ltr'>proximis</span> <span class='ocrx_word' id='word_1_259' title='bbox 1173 3859 1248 3913; x_wconf 91' lang='lat' dir='ltr'>siluis</span> <span class='ocrx_word' id='word_1_260' title='bbox 1271 3878 1299 3929; x_wconf 82' lang='grc' dir='ltr'>ρ;</span> 
     </span>
     <span class='ocr_line' id='line_1_34' title="bbox 232 3947 1300 4021; baseline -0.001 -20"><span class='ocrx_word' id='word_1_261' title='bbox 232 3950 260 4001; x_wconf 92' lang='lat' dir='ltr'>in</span> <span class='ocrx_word' id='word_1_262' title='bbox 279 3949 361 4004; x_wconf 89' lang='lat' dir='ltr'>siluas</span> <span class='ocrx_word' id='word_1_263' title='bbox 379 3951 513 4018; x_wconf 88' lang='lat' dir='ltr'>proximas</span> <span class='ocrx_word' id='word_1_264' title='bbox 532 3969 554 4002; x_wconf 85' lang='grc' dir='ltr'><em>π</em></span> <span class='ocrx_word' id='word_1_265' title='bbox 591 3948 599 4021; x_wconf 95' lang='grc' dir='ltr'>ΗΗ</span> <span class='ocrx_word' id='word_1_266' title='bbox 636 3951 670 4003; x_wconf 84' lang='grc'>13</span> <span class='ocrx_word' id='word_1_267' title='bbox 689 3952 814 4018; x_wconf 87' lang='lat' dir='ltr'>quattuor</span> <span class='ocrx_word' id='word_1_268' title='bbox 831 3952 920 4018; x_wconf 85' lang='lat' dir='ltr'>partes</span> <span class='ocrx_word' id='word_1_269' title='bbox 938 3949 983 4003; x_wconf 91' lang='lat' dir='ltr'>uel</span> <span class='ocrx_word' id='word_1_270' title='bbox 997 3966 1078 4019; x_wconf 89' lang='lat' dir='ltr'>pagos</span> <span class='ocrx_word' id='word_1_271' title='bbox 1097 3968 1119 4001; x_wconf 81' lang='grc' dir='ltr'><em>π</em></span> <span class='ocrx_word' id='word_1_272' title='bbox 1155 3947 1163 4020; x_wconf 92' lang='grc' dir='ltr'>ΗΗ</span> <span class='ocrx_word' id='word_1_273' title='bbox 1200 3952 1242 4003; x_wconf 86' lang='lat' dir='ltr'>eat</span> <span class='ocrx_word' id='word_1_274' title='bbox 1260 3949 1300 4002; x_wconf 91' lang='lat' dir='ltr'>di-</span> 
     </span>
     <span class='ocr_line' id='line_1_35' title="bbox 232 4038 876 4110; baseline 0 -20"><span class='ocrx_word' id='word_1_275' title='bbox 232 4038 331 4092; x_wconf 80' lang='lat' dir='ltr'>nisan</span> <span class='ocrx_word' id='word_1_276' title='bbox 367 4038 375 4110; x_wconf 95' lang='grc' dir='ltr'>ΗΗ</span> <span class='ocrx_word' id='word_1_277' title='bbox 412 4039 453 4093; x_wconf 89' lang='grc'>16.</span> <span class='ocrx_word' id='word_1_278' title='bbox 475 4040 507 4092; x_wconf 82' lang='grc'>17</span> <span class='ocrx_word' id='word_1_279' title='bbox 527 4038 706 4092; x_wconf 85' lang='lat' dir='ltr'>inmortalium</span> <span class='ocrx_word' id='word_1_280' title='bbox 725 4041 834 4092; x_wconf 88' lang='lat' dir='ltr'>deorum</span> <span class='ocrx_word' id='word_1_281' title='bbox 854 4058 876 4090; x_wconf 80' lang='grc' dir='ltr'><em>π</em></span> 
     </span>
    </p>
   </div>
   <div class='ocr_carea' id='block_1_5' title="bbox 231 4144 1300 4303">
    <p class='ocr_par' dir='ltr' id='par_1_5' title="bbox 231 4144 1300 4303">
     <span class='ocr_line' id='line_1_36' title="bbox 321 4144 1300 4216; baseline -0.004 -14"><span class='ocrx_word' id='word_1_282' title='bbox 321 4146 366 4202; x_wconf 83' lang='lat'>13.</span> <span class='ocrx_word' id='word_1_283' title='bbox 387 4146 488 4199; x_wconf 80' lang='lat' dir='ltr'>2ara1i</span> <span class='ocrx_word' id='word_1_284' title='bbox 506 4163 535 4213; x_wconf 88' lang='lat' dir='ltr'>a;</span> <span class='ocrx_word' id='word_1_285' title='bbox 554 4161 629 4199; x_wconf 89' lang='lat' dir='ltr'>arare</span> <span class='ocrx_word' id='word_1_286' title='bbox 648 4145 678 4198; x_wconf 92' lang='lat' dir='ltr'><em>X</em></span> <span class='ocrx_word' id='word_1_287' title='bbox 712 4144 720 4216; x_wconf 95' lang='grc' dir='ltr'>ΗΗ</span> <span class='ocrx_word' id='word_1_288' title='bbox 756 4145 845 4214; x_wconf 79' lang='lat' dir='ltr'>Segit</span> <span class='ocrx_word' id='word_1_289' title='bbox 863 4164 898 4212; x_wconf 72' lang='lat'>713</span> <span class='ocrx_word' id='word_1_290' title='bbox 922 4145 983 4215; x_wconf 88' lang='lat' dir='ltr'>egit.</span> <span class='ocrx_word' id='word_1_291' title='bbox 1015 4144 1106 4214; x_wconf 89' lang='lat' dir='ltr'>Legati</span> <span class='ocrx_word' id='word_1_292' title='bbox 1125 4145 1158 4199; x_wconf 84' lang='lat' dir='ltr'>ab</span> <span class='ocrx_word' id='word_1_293' title='bbox 1176 4144 1300 4198; x_wconf 86' lang='lat' dir='ltr'>heluetiis</span> 
     </span>
     <span class='ocr_line' id='line_1_37' title="bbox 231 4234 1264 4303; baseline -0.003 -15"><span class='ocrx_word' id='word_1_294' title='bbox 231 4235 265 4288; x_wconf 84' lang='lat' dir='ltr'>ad</span> <span class='ocrx_word' id='word_1_295' title='bbox 284 4250 418 4288; x_wconf 89' lang='lat' dir='ltr'>caesarem</span> <span class='ocrx_word' id='word_1_296' title='bbox 437 4234 518 4288; x_wconf 89' lang='lat' dir='ltr'>missi.</span> <span class='ocrx_word' id='word_1_297' title='bbox 546 4250 638 4303; x_wconf 90' lang='lat' dir='ltr'>pacem</span> <span class='ocrx_word' id='word_1_298' title='bbox 658 4236 778 4303; x_wconf 88' lang='lat' dir='ltr'>petitum.</span> <span class='ocrx_word' id='word_1_299' title='bbox 808 4251 868 4287; x_wconf 91' lang='lat' dir='ltr'>cum</span> <span class='ocrx_word' id='word_1_300' title='bbox 888 4234 1084 4288; x_wconf 89' lang='lat' dir='ltr'>denuntiatione</span> <span class='ocrx_word' id='word_1_301' title='bbox 1102 4234 1211 4287; x_wconf 86' lang='lat' dir='ltr'>terroris</span> <span class='ocrx_word' id='word_1_302' title='bbox 1230 4253 1264 4303; x_wconf 83' lang='grc' dir='ltr'>αρ</span> 
     </span>
    </p>
   </div>
   <div class='ocr_carea' id='block_1_6' title="bbox 0 0 1448 4666">
    <p class='ocr_par' dir='ltr' id='par_1_6' title="bbox 0 0 1448 4666">
     <span class='ocr_line' id='line_1_38' title="bbox 0 0 1448 4666; baseline 0 0"><span class='ocrx_word' id='word_1_303' title='bbox 0 0 1448 4666; x_wconf 95' lang='lat' dir='ltr'> </span> 
     </span>
    </p>
   </div>
  </div>
 </body>
</html>
