2886 4666
199 260 266 321 240
602 272 706 326 BELLI
725 271 868 326 GALLICI

202 437 307 500 hortos
322 437 465 518 undique
480 437 635 518 impetum
649 434 770 499 faciunt
786 435 1000 516 omnibusque
1021 439 1075 497 aut
1095 434 1270 498 interfectis

201 550 257 606 aut
277 545 375 627 captis
395 562 510 625 magna
526 542 643 626 praeda
658 542 832 625 potiuntur.
872 543 995 624 capitur
1009 543 1078 624 ipse
1095 560 1131 604 eo
1147 542 1268 624 proelio

203 647 352 733 Drappes.

140 762 183 818 31
293 755 444 820 Caninius
471 756 653 820 felicissime
680 775 714 819 re
737 762 826 839 gesta
848 756 917 819 sine
941 755 1006 818 ullo
1036 774 1137 839 paene
1160 755 1297 819 militisr

175 864 335 928 avulnere
368 862 407 925 ad
441 862 632 926 obsidendos
665 862 838 946 oppidanos
869 864 1039 926 revertitur
1071 868 1269 943 externoque
1299 936 1302 941 ⁴

203 972 293 1034 hoste
326 970 442 1051 deleto,
479 971 571 1032 cuius
603 971 715 1032 timore
748 976 840 1032 antea
873 968 1015 1032 dividere
1048 970 1207 1052 praesidia
1239 976 1271 1033 et

202 1078 382 1139 munitione
414 1076 587 1160 oppidanos
623 1076 818 1139 circumdare
850 1076 1028 1158 prohibitus
1061 1081 1139 1162 erat,
1176 1096 1271 1160 opera

171 1184 346 1265 eundique
370 1184 505 1265 imperat
528 1183 751 1246 administrari.
790 1184 879 1246 venit
901 1181 1013 1246 eodem
1034 1203 1108 1246 cum
1129 1185 1195 1246 suis
1219 1203 1298 1246 cor

203 1292 264 1374 piis
290 1295 415 1373 postero
449 1290 501 1353 die
537 1287 568 1352 C.
593 1289 709 1352 Fabius
741 1295 928 1373 partemque
961 1289 1069 1373 oppidi
1102 1292 1199 1354 sumit
1231 1291 1271 1354 ad

203 1396 424 1462 obsidendum.
1022 1416 1027 1428 ·

141 1520 185 1576 33
294 1503 408 1568 Caesar
429 1505 560 1567 interim
581 1502 622 1565 M.
640 1503 817 1566 Antonium
840 1508 1039 1584 quaestorem
1064 1524 1137 1567 cunr
1160 1505 1298 1568 cohor-1

204 1612 288 1675 tibus
309 1611 375 1675 XV
394 1612 429 1673 in
445 1610 623 1674 Bellovacis
642 1610 807 1692 relinquit,
831 1629 872 1673 ne
896 1630 958 1692 qua
980 1630 1091 1673 rursus
1114 1631 1272 1674 novorum

174 1719 409 1783 acensiliorum
428 1717 658 1800 capiendorum
676 1716 785 1800 Belgis
805 1717 938 1780 facultas
959 1716 1095 1780 daretur.
1132 1719 1200 1801 ipse
1221 1738 1271 1782 re·

203 1826 307 1906 liques
327 1825 470 1887 civitates
489 1824 567 1904 adit,
592 1823 717 1887 obsides
735 1823 844 1906 plures
862 1824 1009 1907 imperat,
1033 1825 1181 1887 timentes
1204 1845 1271 1887 om-

170 1932 293 1997 auium
311 1932 434 1994 animos
450 1930 666 1994 consolatione
682 1936 780 1993 sanat.
816 1950 889 1994 cum
905 1932 939 1992 in
956 1928 1109 1994 Carnutes
1122 1933 1271 2013 venisset,
1285 1952 1298 1992 5

203 2057 342 2120 quorum
361 2039 395 2099 in
414 2038 542 2100 civitate
563 2019 725 2120 superiore
745 2039 972 2101 commentario
990 2036 1105 2101 Caesar
1124 2040 1273 2122 exposuit

203 2146 332 2216 initium
355 2144 432 2206 belli
455 2163 524 2208 esse
544 2148 661 2225 ortum,
687 2145 773 2227 quod
791 2146 959 2227 praecipue
979 2163 1033 2207 eos
1051 2151 1179 2228 propter
1198 2165 1272 2209 con-

201 2252 370 2315 scientiam
398 2250 472 2313 facti
495 2252 606 2316 timere
630 2251 915 2333 animadvertebat,
945 2270 1007 2332 quo
1032 2252 1167 2316 celerius
1195 2254 1272 2315 civi-

204 2364 302 2422 tatem
325 2359 438 2421 timore
461 2358 622 2441 liberaret,
650 2359 827 2441 principem
850 2359 977 2422 sceleris
1000 2358 1086 2421 illius
1112 2365 1143 2422 et
1166 2361 1272 2423 conci-

61 2519 63 2522 ,
170 2487 191 2528 4
204 2470 337 2528 tatorem
355 2465 446 2544 belli,
471 2464 653 2547 Cotuatum,
678 2465 715 2527 ad
737 2464 928 2548 supplicium
949 2464 1097 2547 deposcit.
1139 2467 1194 2547 qui
1214 2469 1272 2530 etsi
1287 2484 1313 2525 ro

205 2591 245 2636 ne
269 2571 394 2637 civibus
419 2570 549 2653 quidem
577 2572 645 2634 suis
673 2590 706 2635 se
734 2571 965 2653 committebat,
993 2577 1100 2636 tamen
1128 2573 1273 2636 celeriter

170 2703 190 2744 a
205 2679 349 2742 omnium
372 2698 449 2741 cura
473 2678 636 2758 quaesitus
663 2680 698 2741 in
723 2683 823 2742 castra
849 2678 1044 2761 perducitur.
1090 2681 1214 2762 cogitur
1237 2681 1273 2742 in

204 2787 274 2848 eius
308 2785 501 2867 supplicium
535 2789 646 2847 contra
676 2790 824 2847 naturam
859 2805 949 2848 suam
983 2785 1096 2849 Caesar
1131 2788 1271 2850 maximo

205 2891 342 2954 militum
371 2910 542 2973 concursu,
576 2892 631 2974 qui
659 2893 688 2954 ei
716 2891 823 2954 omnia
850 2892 992 2973 pericula
1023 2897 1055 2955 et
1083 2892 1273 2956 detrimenta

205 2997 281 3061 belli
306 2997 336 3082 [a
360 2997 526 3081 Gutruato]
552 3003 679 3081 accepta
702 2997 892 3075 referebant,
921 2998 999 3062 adeo
1027 3004 1063 3061 ut
1086 3000 1272 3063 verberibus
1288 3016 1312 3058 15

200 3105 422 3167 exanimatum
445 3123 560 3188 corpus
585 3105 691 3168 securi
712 3105 867 3169 feriretur.

295 3297 337 3349 23.
358 3298 462 3365 draptes
483 3297 521 3364 Sp

294 3386 340 3440 37.
357 3389 370 3438 1
387 3402 414 3438 re
425 3385 575 3438 felicissime
587 3387 625 3452 Sp]
647 3387 655 3454 ΙΙ
680 3390 703 3439 1.
715 3387 730 3439 2
745 3387 855 3440 uulnere
866 3387 957 3440 militis
968 3407 990 3438 rr
1016 3389 1024 3457 ll
1051 3389 1066 3441 3
1080 3392 1157 3442 antea
1171 3405 1223 3441 ora.
1236 3388 1273 3456 Sp

294 3475 340 3529 38.
362 3475 378 3526 2
396 3475 450 3529 XV
467 3474 535 3542 BM3
556 3475 626 3528 ΧΠ.
642 3475 687 3544 χὴ
706 3476 781 3529 XVI.
803 3476 840 3542 Sfl
865 3476 873 3544 Η
898 3477 925 3529 in
940 3476 1022 3545 belgis
1034 3477 1094 3529 ΒΜ
1113 3479 1121 3546 l
1148 3477 1274 3546 relinquit

202 3582 241 3633 (p,
259 3563 365 3632 reliquit
378 3570 416 3633 χβ
447 3564 455 3632 lt
488 3564 711 3632 Scapiendorum
730 3565 812 3633 belgis
833 3584 862 3631 o;
881 3567 911 3619 ad
926 3567 1083 3634 capiendum
1097 3566 1194 3619 bellum
1210 3568 1247 3634 Sp
1265 3565 1272 3638 ll

198 3654 355 3721 equorum
374 3672 404 3720 u;
424 3669 537 3722 quorum
557 3653 666 3707 consilio
687 3654 724 3721 Sp
756 3654 764 3722 ΙΙ
793 3655 983 3708 ‘commentario
997 3656 1133 3722 superiore
1147 3656 1183 3725 Sp
1216 3659 1225 3721 ll
1257 3658 1271 3708 7

205 3741 268 3795 belli
286 3745 409 3811 exortum
432 3758 491 3796 esse
510 3762 532 3793 rr
568 3743 577 3811 l
613 3743 771 3798 Banimum
793 3744 948 3797 aduertebat
973 3744 1009 3812 Sp
1045 3748 1053 3812 ΙΙ
1090 3745 1219 3799 9timore
1243 3764 1272 3811 a,

205 3834 280 3884 metu
300 3831 338 3896 Sp
369 3833 377 3900 ΙΙ
409 3832 433 3885 9.
455 3833 488 3887 10
507 3832 569 3886 belli
589 3833 773 3886 concitatorem
795 3833 832 3898 Sp
863 3834 871 3902 ll
905 3833 938 3887 10
958 3833 1099 3887 Cotuatum
1112 3834 1205 3902 Frr'p.;
1224 3852 1273 3902 gu·

201 3921 337 3973 truatrum
356 3919 393 3986 A;
413 3923 566 3989 gutuatrum
586 3938 615 3987 u3
635 3923 692 3990 (m.)
712 3923 950 3991 guttruat(1·)umss
981 3922 989 3989 ll
1025 3923 1177 3990 depoposcit
1191 3923 1249 3975 ΒΜ
1266 3922 1273 3994 ll

209 4010 239 4060 11
261 4008 315 4061 suis
334 4024 385 4061 om.
401 4009 461 4078 an
493 4009 501 4077 ll
534 4011 567 4063 13
587 4010 715 4078 supplicio
736 4011 774 4077 Sp
809 4014 818 4081 {l
856 4012 897 4064 13.
918 4013 952 4063 14
971 4028 1061 4065 caesar
1084 4016 1175 4066 contra
1197 4029 1273 4066 suam

201 4100 326 4150 naturam
347 4113 476 4151 concursu
500 4100 615 4152 maximo
640 4099 754 4152 militum
774 4119 790 4150 u
832 4101 840 4169 ll
883 4101 916 4152 14
939 4101 962 4153 ei
987 4118 1039 4154 om.
1059 4101 1118 4154 ΒΜ
1156 4104 1164 4171 tl
1207 4104 1274 4156 loa

199 4186 364 4254 gutltlruato
383 4185 422 4252 X;
442 4204 494 4240 om.
516 4187 548 4254 S3
568 4188 617 4241 dcl.
642 4187 708 4241 eud.
