2886 4666
492 307 599 360 LIBER
617 307 649 359 V.
675 307 750 361 oAP.
771 309 888 362 37-41.
1163 295 1225 356 121

159 471 198 534 de
221 471 393 553 improviso
423 470 460 532 ad
487 469 648 534 Ciceronis
676 470 811 534 hiberna
839 471 989 535 advolant
1015 472 1158 534 nondum
1186 473 1227 535 ad

131 596 233 642 ceum
255 577 340 640 fama
363 577 402 641 de
425 577 539 641 Titurii
562 583 663 642 morte
686 578 814 661 perlata.
860 579 935 641 huic
953 597 1080 660 qnoque
1104 579 1259 659 accidiae

159 684 245 766 qnod
272 683 333 748 fuit
360 703 502 765 necesse,
531 690 660 748 utnon
687 685 769 757 nulli
795 685 926 765 milites,
960 687 1016 766 qui
1044 686 1227 768 lignationis

157 791 410 872 munitionisque
427 811 522 855 causa
537 794 570 854 in
588 792 684 856 silvas
700 792 930 874 discessissent,
953 794 1119 874 repentino
1137 794 1227 874 equi-

158 902 227 960 tum
260 899 401 961 adventu
432 899 705 982 interciperentur.
760 900 811 962 his
848 900 1075 962 circumventis
1111 919 1258 982 magnae

158 1024 256 1067 manu
278 1005 460 1085 Eburones,
488 1005 612 1088 Nervii,
636 1007 789 1068 Atuatuci
817 1011 912 1088 atque
940 1007 1054 1069 horum
1083 1007 1226 1068 omnium

117 1135 145 1176 10
159 1113 238 1175 socii
261 1118 293 1176 et
316 1112 446 1176 clientes
469 1113 625 1196 legionem
644 1132 827 1196 oppugnare
844 1113 1009 1195 incipiunt.
1056 1115 1157 1176 nostri
1176 1132 1226 1176 ce-

158 1218 266 1282 leriter
289 1219 330 1281 ad
353 1239 441 1281 arma
457 1225 663 1302 concurrunt,
687 1220 806 1281 vallrnn
823 1220 1051 1283 conscendunt.
1091 1239 1182 1302 aegre
1199 1221 1257 1283 isc

160 1323 227 1389 dies
250 1331 457 1407 sustentatur,
486 1327 570 1408 quod
599 1345 726 1389 omnem
754 1345 843 1409 spem
871 1327 982 1390 hostes·
1003 1328 1038 1389 in
1066 1321 1248 1390 celeritate

158 1432 320 1515 ponebant
352 1437 447 1514 atque
475 1434 558 1496 hanc
587 1434 692 1516 adepti
720 1434 886 1495 victoriam
914 1435 949 1495 in
976 1439 1165 1517 perpetuum
1192 1453 1227 1497 se

132 1540 225 1603 1fore
257 1540 394 1604 victores
427 1539 635 1604 confidebant.
682 1539 854 1603 Mittuntur
886 1541 926 1603 ad
954 1540 1120 1604 Caesarem
1152 1559 1227 1602 con·
1245 1553 1287 1607 40

158 1647 262 1710 testim
285 1667 304 1709 a
328 1647 480 1710 Cicerone
509 1647 632 1710 litterae
659 1648 785 1730 magnis
812 1648 981 1730 propositis
1008 1648 1171 1729 praemiis,
1200 1648 1227 1710 si

158 1753 375 1836 pertulissent,
410 1754 547 1818 obsessis
580 1754 728 1817 omnibus
760 1754 822 1816 riis
850 1756 940 1817 missi
971 1755 1226 1837 intercipiuntur.

159 1865 256 1924 noctu
279 1880 322 1925 ex
344 1862 489 1942 materia,
514 1881 608 1942 quam
623 1862 813 1924 munitionis
829 1880 924 1923 causa
943 1866 1258 1943 comportaverantr

131 1972 263 2031 sturres
296 1967 468 2030 admodum
501 1967 594 2031 CXX
626 1968 807 2031 excitantur
838 1960 1018 2031 incredibili
1052 1968 1225 2048 celeritate,

160 2093 241 2155 quae
265 2074 374 2137 deesse
399 2076 487 2157 operi
510 2074 701 2138 videbantur
724 2073 941 2156 perficiuntur.
980 2074 1085 2138 hostes
1100 2081 1259 2158 posteros

160 2180 210 2244 die
233 2181 334 2243 multo
358 2181 532 2244 maioribus
557 2182 673 2243 coactis
698 2182 796 2264 copiis
819 2185 922 2243 castra
945 2187 1142 2264 oppugnant,
1165 2183 1227 2244 fos-

160 2307 227 2351 sam
255 2288 422 2369 complent.
473 2308 491 2350 a
518 2289 635 2351 nostris
664 2288 774 2351 eadem
801 2289 923 2351 ratione
957 2308 1019 2369 qua
1046 2289 1149 2371 pridie
1177 2308 1255 2351 rer

159 2395 290 2456 sistitur.
335 2395 396 2457 hoc
418 2395 505 2458 idem
527 2395 660 2476 reliquis
677 2395 829 2476 deinceps
844 2393 881 2457 fit
897 2395 1017 2458 diebus.
1050 2395 1139 2457 nulla
1154 2415 1227 2477 pars
1241 2416 1259 2457 s

119 2521 147 2563 10
160 2502 308 2564 nocturni
337 2503 488 2584 temporis
516 2502 557 2564 ad
587 2501 729 2564 laborem
756 2502 989 2584 intermittitnr;
1022 2521 1088 2564 non
1116 2503 1228 2584 aegris

161 2626 228 2670 non
251 2607 427 2671 vulneratis
441 2609 574 2672 facultas
591 2609 708 2689 quietis
725 2609 824 2671 datur.
865 2628 1084 2689 quaecumque
1101 2610 1141 2670 ad
1156 2629 1229 2691 pro-

74 2700 77 2705 ’
160 2715 241 2776 ximi
265 2715 328 2778 diei
356 2715 627 2798 oppugnationem
655 2735 733 2798 opus
761 2721 837 2778 sunt
868 2721 964 2778 noctu
990 2722 1228 2797 comparantem

160 2821 279 2884 multae
302 2829 468 2904 praeustae
492 2823 599 2902 sudes,
623 2842 759 2905 magnus
774 2822 946 2885 muralium
962 2822 1100 2905 pilorum
1116 2842 1259 2905 nume-e

160 2947 215 2990 rus
233 2929 425 3008 instituitur,
445 2933 549 2993 turres
568 2929 826 3010 contabulantur,
849 2932 965 3011 pinnae
985 2929 1166 3011 loricaeque
1186 2948 1227 2992 ex

120 3051 146 3093 15
161 3035 300 3098 cratibus
324 3040 517 3100 attexuntur.
564 3038 631 3118 ipse
655 3035 778 3118 Cicero,
802 3054 875 3099 cum
897 3038 1083 3099 tenuissima
1105 3036 1258 3100 valeta-r

161 3141 236 3205 dine
260 3149 355 3223 esset,
379 3161 419 3205 ne
443 3148 636 3205 nocturnum
652 3143 782 3224 quidem
799 3142 860 3205 sibi
876 3147 1000 3226 tempus
1024 3145 1064 3207 ad
1088 3145 1228 3225 quietem

159 3247 374 3330 relinquebat,
397 3254 434 3311 ut
449 3249 533 3313 ultro
550 3249 689 3312 militnm
706 3268 864 3313 concursu
880 3269 916 3312 ac
932 3251 1065 3314 vocibus
1082 3251 1142 3314 sibi
1156 3271 1228 3334 par-

133 3372 231 3418 icere
254 3360 427 3438 cogeretur.
473 3355 553 3418 Tum
577 3357 674 3420 duces
697 3358 920 3440 principesque
943 3357 1148 3439 Nervionrm,
1173 3359 1228 3439 qui
1246 3370 1287 3421 rr

250 3604 318 3656 ded
337 3602 448 3656 hiberna
467 3603 595 3656 ciceronis
618 3603 743 3657 aduolant
760 3611 777 3670 β
818 3602 826 3676 ll
867 3607 882 3659 5
902 3605 964 3657 huic
982 3604 1021 3671 X,
1045 3605 1089 3657 hic
1108 3603 1199 3658 Helm.
1220 3603 1229 3674 ll

160 3690 441 3759 8iutcrficerenturpl
476 3690 484 3763 ll
521 3691 730 3759 HisAfl31isc
766 3692 774 3764 ll
811 3694 963 3748 9atuatuci
978 3694 1026 3760 Sp,
1045 3692 1200 3746 aduatuci«
1220 3693 1232 3762 ll¹

161 3781 195 3835 10
214 3781 278 3834 socii
297 3781 458 3849 clientesque
476 3788 493 3848 β
529 3780 537 3852 ll
576 3782 609 3834 13
628 3783 736 3850 adeptos
755 3782 877 3851 RMerrqc

249 3871 295 3926 40.
316 3870 332 3922 2
351 3870 383 3923 ab
403 3890 421 3922 u
457 3869 465 3941 ll
502 3871 912 3939 40x1230ap3exeanld.
950 3870 958 3943 ll
995 3874 1233 3940 conrportauerunt

159 3964 176 4025 β
221 3957 229 4029 ll
274 3959 291 4012 8
310 3976 326 4012 a
345 3959 443 4013 nostris
462 3960 554 4013 cadem
579 3960 679 4013 rationo
704 3976 756 4029 qua
779 3960 861 4027 pridie
883 3968 912 4027 βς
937 3961 1029 4014 eadem
1053 3961 1153 4014 ratione
1176 3976 1233 4031 qua

160 4047 242 4114 pridie
261 4048 293 4102 ab
312 4048 411 4102 nostris
431 4068 448 4099 c
485 4047 493 4119 ll
530 4049 596 4101 efit
615 4049 774 4116 deincepsfl
811 4046 819 4120 ll
857 4051 891 4102 14
908 4049 1058 4118 loricaeque
1078 4048 1163 4119 sm·
1215 4078 1235 4097 ψ

159 4135 282 4205 ricacque
301 4137 331 4189 X
365 4136 373 4207 ll
411 4139 452 4190 17.
474 4137 507 4191 18
525 4153 634 4206 parcere
654 4138 738 4204 sibifl
1149 4132 1153 4139 '

248 4227 294 4280 41.
316 4228 329 4278 1
350 4227 415 4280 Tum
433 4234 461 4293 fl,
480 4226 553 4280 Tuuc
573 4247 590 4278 a
