2886 4666
223 288 284 349 152
622 301 726 354 BELLI
746 301 887 354 caurien

193 466 248 529 ssi
272 467 317 528 ita
339 466 501 547 fecissent,
525 464 606 527 fines
630 483 741 528 eorum
765 483 798 527 se
821 464 1015 526 violaturum
1038 465 1176 547 negavit.
1220 469 1289 526 tum

222 574 321 656 copiis
344 573 379 634 in
403 576 466 635 tres
488 576 593 654 partes
617 571 794 634 distributis
822 571 1050 654 impedimenta
1074 572 1217 633 omnium
1244 571 1289 633 le·
1304 595 1333 636 10

193 680 353 764 agionum
375 680 569 742 Atuatucam
594 678 735 741 contulit.
781 677 814 739 id
838 678 958 740 castelli
986 696 1103 740 nomen
1128 683 1182 740 est.
1230 678 1289 740 hoc

220 787 286 850 fere
311 787 414 849 estin
436 786 551 849 mediis
574 785 765 848 Eburonum
787 784 918 870 finibus,
946 784 1002 847 ubi
1029 784 1169 847 Titurius
1193 790 1289 865 atque

195 892 463 959 5Aurunculeius
494 892 657 955 hiemandi
694 911 789 955 causa
823 891 1041 955 consederant.
1096 893 1182 954 hunc
1215 911 1289 953 cum

221 1000 353 1080 reliquis
376 997 473 1062 rebus
495 999 602 1061 locum
625 998 790 1081 probabat,
814 1004 882 1062 tum
907 999 992 1080 quod
1016 999 1190 1081 superioris
1213 1001 1289 1060 anni

222 1107 416 1169 munitiones
440 1105 582 1188 integrae
606 1106 789 1187 manebant,
816 1110 852 1168 ut
878 1105 1018 1168 militum
1046 1106 1187 1168 laborem
1215 1105 1290 1168 sub·
1305 1127 1333 1168 rs

216 1210 350 1297 levaret.
397 1212 555 1295 praesidio
578 1211 814 1296 impedimentis
838 1213 995 1295 legionem
1019 1212 1127 1275 XllH.
1151 1213 1291 1294 reliquit,

222 1339 320 1382 unam
344 1339 386 1383 ex
409 1320 459 1382 his
482 1319 599 1401 tribue,
629 1339 707 1401 quas
730 1321 876 1403 proxime
906 1321 1100 1402 conscriptas
1129 1338 1171 1382 ex
1198 1320 1291 1382 ltalia

196 1427 415 1490 straduxerat.
467 1428 496 1489 ei
524 1426 644 1509 legioni
672 1428 847 1507 castrisque
875 1424 909 1500 Q.
937 1427 1076 1489 Tullium
1105 1424 1291 1489 Ciceronem

222 1534 374 1617 praefecit
397 1533 615 1615 ducentosque
639 1534 761 1613 equites
785 1534 814 1596 ei
838 1534 989 1596 attribuit.

169 1654 205 1710 33
312 1639 432 1703 Partito
458 1640 601 1703 exercitu
624 1639 655 1701 T.
679 1638 856 1703 Labienum
884 1659 957 1702 cum
980 1640 1161 1721 legionibus
1190 1640 1318 1703 tribusr

224 1749 264 1810 ad
289 1747 452 1810 Oceanmrr
475 1765 587 1810 versus
611 1748 647 1809 in
672 1765 723 1809 eas
746 1752 865 1829 partes,
894 1765 976 1829 quae
1004 1745 1169 1830 Menapios
1198 1748 1291 1810 attin-

196 1860 317 1936 agunt,
340 1853 499 1935 proficisci
525 1853 625 1933 iubet,
656 1851 687 1915 O.
711 1853 903 1916 Trebonium
932 1873 1006 1916 cum
1033 1855 1101 1936 pari
1129 1855 1292 1936 legionum

224 1979 356 2023 numero
381 1961 421 2023 ad
445 1980 515 2024 eam
538 1961 713 2044 regionem,
738 1979 820 2043 quae
844 1962 1013 2023 Atuatucis
1037 1961 1171 2043 adiacet,
1196 1962 1292 2043 depo-

197 2068 397 2152 spulandam
420 2068 530 2148 mittit3
555 2069 624 2151 ipse
651 2087 724 2130 cum
746 2068 878 2148 reliquis
901 2067 951 2130 ΠΙ
975 2067 1014 2131 ad
1037 2067 1158 2130 flumen
1182 2066 1320 2153 †Scal-5

225 2175 302 2258 dim,
342 2176 428 2256 quod
461 2174 569 2238 influit
604 2176 638 2237 in
670 2173 806 2257 Mosam,
842 2179 1065 2257 extremasque
1098 2175 1293 2238 Arduennae

224 2288 330 2365 partes
352 2283 399 2344 ire
423 2283 598 2365 constituit,
624 2302 687 2364 quo
712 2302 786 2345 cum
805 2283 916 2364 paucis
932 2282 1094 2362 equitibus
1116 2282 1293 2365 profectum

197 2389 446 2472 4Ambiorigem
470 2389 625 2452 audiebat.
673 2388 840 2452 discedens
863 2393 935 2471 post
959 2389 1041 2450 diem
1057 2388 1129 2450 Vll.
1154 2408 1222 2452 sese
1246 2407 1293 2450 re-

226 2515 391 2559 versurum
416 2495 593 2578 confirmat,
623 2515 720 2577 quam
748 2496 789 2558 ad
817 2496 902 2558 diem
931 2496 960 2557 ei
987 2495 1119 2578 legioni,
1149 2514 1230 2577 quae
1258 2496 1294 2557 in

197 2603 382 2685 epraesidio
399 2602 652 2684 relinquebatur,
677 2602 872 2665 frumentum
889 2601 997 2665 deberi
1018 2602 1144 2665 sciebat.
1183 2601 1293 2665 Labie·
1308 2619 1336 2661 10

224 2729 303 2772 num
334 2710 592 2790 Treboniumque
619 2709 776 2791 hortatur,
810 2710 836 2770 si
868 2710 915 2772 rei
947 2709 1095 2791 publicae
1128 2710 1292 2772 commodo

224 2817 327 2881 facere
350 2817 485 2900 possint,
509 2816 550 2878 ad
573 2835 643 2880 eam
667 2816 749 2879 diem
775 2820 987 2897 revertantur,
1014 2821 1051 2879 ut
1073 2836 1185 2879 rursus
1209 2836 1293 2879 com-

225 2926 388 2988 municato
412 2923 545 2987 consilio
570 2923 805 3006 exploratisque
834 2924 972 2985 hostium
999 2923 1178 2986 rationibus
1207 2923 1294 2985 aliud

171 3041 208 3095 34
225 3031 356 3092 initium
380 3030 456 3093 belli
482 3050 593 3114 capere
616 3031 747 3113 possint.
792 3029 882 3111 Erat,
911 3035 948 3092 ut
976 3048 1072 3112 supra
1099 3030 1320 3093 demonstra-1

225 3138 345 3220 vimus,
368 3157 484 3201 manus
508 3145 592 3201 certa
607 3137 709 3218 nulla,
734 3156 798 3199 non
815 3137 979 3219 oppidum,
1002 3157 1068 3199 non
1090 3137 1294 3220 praesidium,

227 3243 313 3324 quod
337 3263 370 3306 se
395 3246 490 3307 armis
514 3243 708 3326 defenderet,
737 3244 793 3307 sed
820 3245 856 3306 in
885 3262 994 3306 omnes
1022 3250 1125 3326 partes
1154 3244 1294 3326 dispersa

318 3475 349 3525 11
370 3473 528 3526 aduatucam
543 3472 578 3540 uf
605 3473 613 3540 ll
648 3473 680 3525 12
693 3475 773 3541 atque
787 3492 816 3539 e3
837 3475 891 3540 etfl
924 3472 931 3539 ll
966 3474 998 3524 14
1011 3473 1133 3541 probarat
1146 3492 1163 3523 a
1196 3475 1204 3537 ll
1236 3477 1294 3526 tum

228 3563 277 3631 Ββς
296 3565 360 3616 tunc
380 3582 397 3613 u
430 3563 438 3630 ll
471 3563 503 3614 17
523 3562 592 3614 iisb
629 3564 637 3630 ll
674 3579 754 3615 unam
778 3563 867 3615 exiis
891 3561 1006 3631 [tribus],
1032 3578 1097 3629 quas
1120 3562 1180 3614 HM
1214 3563 1223 3626 ll
1262 3563 1295 3615 rc

226 3653 343 3721 praeficit
362 3672 379 3704 α
411 3651 419 3719 ll
452 3651 476 3704 ei
495 3668 547 3703 om.
568 3670 585 3701 u

315 3760 361 3815 33.
382 3760 399 3812 4
418 3759 550 3812 atuatucis
569 3765 598 3826 β;
617 3759 761 3812 aduatueos
782 3758 880 3825 sone
904 3759 937 3810 ad
956 3759 1101 3811 aduatueos
1120 3757 1206 3811 ΑΒΜ
1238 3759 1246 3826 ll
1279 3760 1295 3811 5

227 3849 312 3902 tribus
332 3867 362 3914 ας
387 3849 469 3902 .VIII.
489 3855 506 3915 β
542 3848 550 3914 ll
586 3850 610 3901 5.
631 3848 647 3901 6
667 3848 778 3901 scaldim
798 3848 852 3914 (uel
871 3848 943 3915 -dinl
962 3855 991 3914 β;
1015 3848 1132 3901 scaldem
1153 3867 1183 3914 a,
1207 3847 1295 3900 Sabim

229 3938 319 4006 Stepb.
357 3939 364 4006 ll
402 3937 516 4006 Calbim,
544 3938 613 4006 quod
636 3937 723 3990 influit
745 3937 773 3989 in
796 3937 934 3990 Mosellam
955 3936 1043 4004 Bergk
1080 3939 1088 4005 ll
1129 3938 1197 3990 9ad
1217 3952 1295 4004 quam

227 4027 332 4092 diemfl
364 4026 372 4093 ll
406 4027 439 4081 10
458 4027 545 4080 deberi
565 4027 728 4080 frumentum
747 4045 764 4077 c
796 4026 805 4093 11
843 4029 873 4079 11
894 4027 932 4079 rei
949 4013 1002 4078 PH
1018 4045 1035 4076 α
1072 4027 1080 4093 ll
1118 4026 1151 4077 12
1170 4042 1231 4078 eum
1252 4044 1268 4076 u
1288 4023 1296 4094 ll

229 4117 269 4170 13.
291 4117 325 4168 14
343 4114 415 4168 aliud
434 4115 496 4169 belli
513 4116 618 4169 initium
636 4123 653 4182 β
685 4116 693 4184 ll
726 4116 760 4168 14
778 4119 886 4184 possent
905 4136 922 4167 a

316 4223 577 4290 anapaestum
601 4221 662 4289 φή
681 4223 817 4290 praedium
835 4223 866 4275 X
895 4224 904 4286 ll
936 4221 1296 4290 3sedon1nisinpa1tisll
