2886 4666
213 217 276 277 168
616 229 722 284 BELLI
741 230 882 284 GALLICI

210 396 327 458 mentis
356 399 490 474 exuant,
524 393 640 476 quibus
669 394 792 456 amissis
823 392 943 455 bellurn
971 394 1040 476 geri
1072 412 1138 456 non
1169 396 1278 476 possit.

20 560 24 568 .
101 487 106 493 ¹
184 507 373 584 epraeterea
397 501 511 584 oppida
534 500 663 563 incendi
683 504 839 582 oportere,
864 520 946 583 quae
962 520 1028 563 non
1051 502 1230 564 munitione
1248 509 1279 565 ct

210 609 273 671 loci
295 613 410 670 natura
433 607 471 671 ab
497 608 584 670 omni
611 608 674 670 sint
701 608 842 688 periculo
871 612 952 688 tuta,
980 627 1019 671 ne
1048 609 1114 671 suis
1143 610 1206 670 sint
1238 608 1278 670 ad

211 715 446 778 detrectandam
471 714 618 776 militiam
641 714 841 796 receptacula
865 734 928 777 neu
947 714 1100 778 Romanis
1115 715 1277 796 proposita
1292 738 1322 780 ao

170 847 196 888 10
211 822 249 884 ad
283 823 406 904 copiam
434 825 629 885 commeatus
660 822 875 904 praedamque
907 821 1089 885 tollendam.
1144 822 1222 884 haec
1251 823 1278 884 si

210 929 320 1011 gravia
344 936 399 992 aut
421 928 535 992 acerba
557 928 740 1010 videantur,
763 928 863 991 multo
887 928 943 990 illa
966 929 1094 1011 gravius
1117 930 1277 992 aestimari

211 1035 339 1118 debere,
372 1036 501 1117 liberos,
535 1036 688 1118 coniuges
719 1036 755 1096 in
787 1035 974 1098 servitutem
1006 1034 1158 1117 abstrahi,
1191 1036 1276 1117 ipsos

156 1159 192 1212 15
210 1143 361 1226 interfici,
387 1163 467 1225 quae
491 1143 533 1206 sit
554 1160 685 1205 necesse
710 1142 852 1205 accidere
877 1142 977 1204 victis.
1025 1140 1177 1204 Omnium
1202 1162 1303 1206 con-1

210 1269 307 1314 sensu
330 1252 389 1314 hae
412 1250 570 1314 sententia
592 1249 724 1331 probata
752 1268 816 1312 uno
846 1248 897 1313 die
922 1249 1058 1332 amplius
1085 1249 1154 1312 XX
1180 1249 1277 1312 urbes

209 1357 393 1441 Biturigum
414 1356 637 1419 incenduntur.
683 1356 743 1437 boc
766 1356 852 1418 idem
880 1354 916 1418 fit
942 1357 976 1418 in
1004 1356 1137 1437 reliquis
1166 1357 1276 1418 civita·

182 1465 302 1530 atibus.
347 1466 382 1526 in
406 1463 554 1526 omnibus
576 1463 719 1546 partibus
742 1463 892 1526 incendia
915 1464 1167 1545 conspiciuntur3
1194 1481 1276 1545 quae
1390 1457 1398 1468 ¹

210 1573 269 1637 etsi
292 1590 407 1654 magno
436 1590 510 1633 oum
536 1571 643 1633 dolore
668 1588 778 1632 omnes
805 1569 960 1652 ferebant,
994 1575 1099 1632 tamen
1127 1569 1187 1631 hoc
1215 1568 1305 1632 sibis

209 1678 320 1742 solacii
342 1676 574 1759 proponebant,
599 1676 685 1758 quod
708 1696 742 1740 se
765 1696 862 1758 prope
887 1677 1049 1759 explorata
1071 1676 1204 1739 victoria
1227 1695 1277 1738 oe-

181 1785 315 1851 31111111
343 1784 458 1846 amissa
485 1787 727 1864 recuperaturos
755 1782 965 1846 confidebant
1016 1783 1209 1846 deliberatur
1237 1783 1276 1846 de

209 1890 346 1952 Avarico
371 1890 407 1951 in
430 1890 592 1951 communi
615 1890 765 1970 concilio,
789 1890 919 1953 incendi
942 1890 1065 1972 placeat
1084 1909 1124 1952 an
1141 1889 1275 1952 defendi.

181 1994 425 2078 rprocumbunt
448 1995 597 2058 omnibus
622 1995 721 2058 Gallis
749 1997 788 2058 ad
812 1997 908 2079 pedes
936 1996 1109 2080 Bituriges,
1137 2016 1178 2060 ne
1205 1997 1276 2079 pul-

209 2102 398 2166 cherrimam
420 2121 517 2184 prope
542 2102 638 2166 totius
663 2102 783 2166 Galliae
806 2103 933 2183 urbem,
958 2122 1039 2184 quae
1063 2108 1094 2167 et
1116 2103 1274 2185 praesidio
1289 2123 1319 2164 ro

209 2215 240 2272 et
263 2214 447 2272 ornamento
471 2210 513 2272 sit
536 2210 670 2293 civitati,
694 2211 760 2273 suis
784 2209 932 2272 manibus
953 2209 1145 2273 succendere
1161 2229 1276 2293 cogan-

181 2321 273 2397 stur,
297 2317 390 2381 facile
414 2336 447 2381 se
470 2317 533 2380 loci
556 2323 668 2380 natura
697 2317 882 2381 defensuros
911 2317 1035 2396 dicunt,
1064 2317 1150 2397 quod
1176 2335 1275 2398 prope

209 2443 249 2487 ex
274 2424 422 2487 omnibus
445 2424 588 2507 partibus
611 2423 744 2486 flumine
768 2427 799 2485 et
822 2423 937 2505 palude
954 2423 1149 2486 circumdata
1171 2443 1274 2486 unum

181 2531 334 2598 ababeat.
351 2535 381 2594 et
404 2535 632 2613 perangustum
661 2530 790 2592 aditum.
843 2529 936 2592 datur
963 2530 1145 2612 petentibus
1172 2531 1275 2610 venia,

208 2637 411 2701 dissuadente
434 2637 536 2720 primo
551 2636 828 2718 Vercingetorige,
851 2642 922 2719 post
937 2636 1132 2700 concedente
1156 2642 1187 2699 et
1204 2656 1274 2719 pre·
1289 2655 1316 2696 rs

208 2742 298 2807 cibus
327 2745 471 2826 ipsorum
488 2745 530 2807 >et
556 2743 776 2806 misericordia
799 2743 895 2826 vulgi.
947 2743 1129 2806 defensores
1157 2743 1273 2826 oppido

153 2868 189 2922 16
207 2851 314 2915 idonei
339 2851 530 2934 deligrmtur.
576 2849 821 2933 Vercingetorix
841 2849 1018 2912 minoribus
1034 2848 1200 2914 Caesarem
1224 2852 1301 2914 iti-1

85 2957 87 2959 ’
207 2957 339 3019 neribus
363 2957 569 3040 subsequitur
592 2962 623 3020 et
645 2957 750 3019 locum
775 2958 886 3020 castris
903 2957 1012 3039 deligit
1026 2957 1198 3038 paludibus
1222 2959 1274 3021 sii-

208 3063 321 3145 visque
345 3065 518 3144 munitum,
543 3063 580 3126 ab
605 3065 743 3126 Avarico
772 3063 866 3146 longe
893 3063 982 3125 milia
1009 3083 1162 3145 passuum
1184 3063 1273 3126 XVI.

181 3168 251 3234 2ibi
276 3188 332 3250 per
356 3175 457 3232 certos
481 3170 697 3253 exploratores
724 3171 759 3233 in
783 3171 909 3253 singula
932 3171 996 3233 diei
1023 3174 1164 3252 tempora
1193 3189 1274 3251 quae

208 3275 248 3337 ad
271 3276 446 3337 Araricum
468 3281 656 3358 gererentur
679 3277 891 3359 cognoscebat
918 3282 949 3339 et
978 3277 1055 3358 quid
1082 3276 1151 3338 fieri
1179 3275 1302 3339 vellete

198 3529 204 3537 ·
299 3504 331 3557 19
349 3521 383 3557 ne
401 3511 430 3571 β;
449 3521 503 3556 neu
522 3524 539 3555 u
571 3506 579 3574 11
612 3505 646 3559 20
666 3505 863 3558 detractandam
883 3525 904 3557 π
936 3507 944 3575 11
977 3505 1018 3557 22.
1034 3505 1067 3558 23
1081 3505 1215 3558 aestimari
1229 3506 1273 3557 de·

206 3592 268 3645 bere
286 3600 313 3660 βς
332 3593 470 3646 aestimare
491 3612 520 3660 a,
540 3624 573 3632 -
592 3593 677 3646 multo
695 3593 761 3647 illud
781 3595 887 3663 gravius
906 3594 1058 3648 existimare
1077 3594 1239 3647 *HJMuller

296 3701 341 3756 15.
361 3700 377 3752 2
397 3717 427 3754 ac
446 3701 498 3771 φὴς
518 3701 583 3754 haec
603 3720 624 3752 π
657 3703 665 3771 t}
697 3701 763 3754 3fit
781 3719 832 3754 coz.
854 3721 870 3753 u
904 3703 912 3766 11
949 3702 1055 3769 tiquod
1074 3717 1102 3754 se
1122 3717 1201 3770 prope
1220 3718 1272 3753 om.

207 3808 224 3839 a
262 3789 270 3858 11
307 3790 509 3844 iconfidebant
528 3809 558 3858 a,
581 3791 757 3858 sperabantfl
797 3792 805 3855 11
847 3790 1006 3844 deliberatur
1023 3797 1051 3857 β;
1075 3791 1210 3843 dicebatur
1229 3809 1246 3840 u
1266 3788 1275 3858 11

206 3877 358 3946 Splaooret
377 3899 394 3930 u
431 3881 439 3948 11
476 3879 621 3948 ragadiae
640 3879 757 3947 totiusss
788 3885 797 3948 11
829 3881 856 3932 et
874 3897 925 3932 om.
947 3899 963 3931 u
1001 3880 1009 3948 11
1047 3882 1077 3932 11
1099 3879 1213 3932 ciuitatis
1230 3885 1247 3944 β
1266 3877 1274 3948 11

208 3969 249 4019 11.
270 3967 304 4019 12
324 3970 450 4035 cogantur
474 3969 589 4035 Wbitte3
608 3972 763 4036 cogerentur
780 3969 811 4021 X

296 4056 341 4110 16.
363 4058 386 4109 1.
407 4057 423 4108 2
441 4057 579 4111 itineribus
598 4064 760 4124 caesaremfl
792 4059 800 4121 11
832 4059 1017 4127 bgererentur
1028 4065 1057 4124 β;
1076 4060 1217 4126 agerentur
1230 4076 1246 4108 u
1265 4054 1275 4127 11

206 4146 232 4196 et
252 4161 303 4197 om.
323 4151 340 4211 β
