2886 4666
210 239 275 299 224
609 251 715 304 BELLI
734 249 876 304 GALLICI

210 414 249 477 ab
271 413 416 477 hostibus
445 412 563 496 duplici
590 413 687 493 fossa,
717 412 835 495 duplici
863 417 1135 495 propugnatorum
1165 412 1276 475 ordine
1292 437 1319 479 15

210 521 469 602 defenderentur,
494 540 631 602 quorum
654 520 733 583 alter
756 539 796 582 ex
818 519 983 602 pontibus,
1008 539 1071 601 quo
1090 520 1188 582 tutior
1207 520 1278 581 alti-

211 628 323 690 tudine
356 633 449 708 esset,
481 628 541 689 hoc
573 627 725 690 audacius
757 627 947 709 longiusque
979 628 1174 708 permitteret
1205 626 1278 708 tela,

211 734 303 815 alter,
332 735 387 815 qui
415 735 542 816 propior
568 735 690 796 hostem
717 734 753 795 in
779 735 847 815 ipso
872 734 954 795 vallo
979 733 1162 795 conlocatus
1186 738 1278 814 esset,

211 844 305 923 ponte
329 840 368 902 ab
391 840 607 904 incidentibus
631 840 702 902 telis
720 844 885 922 tegeretur.
925 841 1023 922 portis
1038 839 1121 902 fores
1138 840 1279 902 altiores-

156 955 193 1010 10
212 965 273 1030 que
296 951 400 1010 turres
423 948 583 1029 imposuit.
629 945 737 1010 Huius
760 947 946 1008 munitionis
970 946 1090 1028 duplex
1113 951 1180 1008 erat
1203 965 1304 1010 con-r

212 1055 329 1117 silium.
380 1072 519 1135 namque
552 1059 583 1116 et
615 1071 747 1135 operum
779 1053 1033 1136 magnitudinem
1070 1058 1101 1115 et
1132 1055 1279 1116 timorem

212 1181 308 1223 suum
331 1159 479 1242 sperabat
500 1158 652 1223 fiduciam
677 1159 818 1223 barbaris
842 1160 1037 1240 adlaturum,
1066 1164 1098 1222 et
1125 1179 1199 1222 oum
1224 1180 1279 1242 pa-

212 1266 357 1330 bulatum
394 1267 686 1348 frumentatumque
720 1267 849 1349 longius
885 1271 967 1329 esset
1000 1265 1278 1348 proficiscendum,

212 1362 318 1457 parvis
342 1374 441 1456 copiis
465 1378 567 1437 castra
589 1373 769 1436 munitione
791 1375 860 1456 ipsa
879 1372 1009 1436 videbat
1031 1392 1123 1456 posse
1145 1373 1307 1437 defendia

185 1482 339 1545 ainterim
363 1480 475 1544 crebro
498 1482 610 1564 paucis
634 1481 796 1561 utrimque
819 1479 1079 1563 procurrentibus
1101 1481 1185 1542 inter
1206 1479 1281 1542 bina

214 1592 315 1649 castra
337 1586 454 1669 palude
477 1587 643 1650 interiecta
670 1585 935 1666 contendebatur3
970 1605 1066 1667 quam
1094 1590 1199 1648 tamen
1226 1605 1281 1667 pa-

213 1692 321 1756 ludem
350 1712 415 1755 non
443 1712 620 1774 numquam
648 1701 703 1755 aut
730 1698 837 1755 nostra
865 1693 986 1754 auxilia
1015 1691 1091 1776 [aut]
1117 1691 1281 1755 Gallorum

216 1800 512 1882 Germanorumque
528 1799 704 1862 transibant
719 1801 890 1881 acriusque.
903 1799 1008 1862 hostes
1023 1798 1281 1880 insequebantur,

215 1912 270 1970 aut
301 1907 443 1969 vicissim
476 1906 581 1969 hostes
613 1907 746 1969 eandem
778 1907 966 1990 transgressi
998 1911 1122 1969 nostros
1155 1906 1281 1988 longius
1298 1927 1323 1968 ro

189 2012 465 2076 asummoveba-nt.
504 2012 668 2076 accidebat
690 2016 796 2076 autem
821 2013 990 2076 cotidianis
1013 2012 1282 2095 pabulationibuS,

216 2158 258 2166 —
283 2119 315 2181 id
340 2119 426 2202 quod
449 2119 593 2184 accidere
617 2125 683 2182 erat
705 2138 846 2202 necesse,
875 2138 949 2182 cum
972 2120 1053 2183 raris
1079 2119 1282 2201 disiectisque

216 2247 258 2290 ex
282 2226 436 2290 aedificiis
459 2226 612 2310 pabulum
631 2227 883 2308 conquireretur,
904 2263 946 2272 —
970 2232 1008 2290 ut
1026 2226 1186 2310 impeditis
1206 2227 1282 2290 locis

187 2334 350 2418 adispersi
374 2333 576 2416 pabulatores
600 2334 922 2413 circumvenirentur,
948 2353 1111 2416 quaeres,
1136 2335 1195 2397 etsi
1217 2352 1283 2396 me-

217 2441 324 2504 diocre
348 2440 570 2504 detrimentum
595 2442 811 2503 iumentorum
835 2459 872 2502 ao
895 2459 1060 2503 servorum
1088 2441 1205 2503 nostris
1230 2439 1284 2502 ad·
1298 2458 1325 2499 15

216 2548 348 2630 ferebat,
377 2552 483 2610 tamen
512 2547 624 2610 stultas
653 2547 860 2629 cogitationes
888 2547 1040 2609 incitabat
1068 2545 1283 2627 barbarorum,

218 2659 314 2737 atque
349 2673 385 2717 eo
420 2654 534 2736 magis,
572 2651 658 2736 quod
693 2651 868 2733 CommiuS,
904 2671 999 2735 quem
1032 2652 1210 2735 profectum
1244 2653 1284 2715 ad

218 2762 339 2825 auxilia
374 2761 606 2823 Germanorum
640 2760 828 2823 arcessenda
865 2759 974 2840 docui,
1012 2779 1086 2822 cum
1121 2759 1284 2841 equitibus

217 2873 361 2946 venerat3
388 2869 443 2949 qui
464 2868 587 2930 tametsi
605 2884 739 2929 numero
764 2885 829 2928 non
850 2865 985 2950 amplius
1009 2871 1098 2928 erant
1116 2865 1154 2946 D,
1178 2871 1285 2928 tamen

163 2987 199 3039 11
219 2975 449 3037 Germanorum
479 2972 618 3036 adventu
644 2973 771 3036 barbari
798 2971 999 3037 inflabantur.
1052 2970 1177 3055 Caesar,
1211 2990 1313 3036 cumr

219 3081 486 3144 animadverteret
513 3081 634 3143 hostem
664 3079 844 3162 complures
873 3080 941 3143 dies
970 3079 1081 3142 castris
1110 3079 1226 3162 palude
1256 3084 1287 3142 et

309 3274 418 3326 14-16
437 3276 468 3326 nt
485 3273 570 3327 hostis
589 3290 604 3327 a
623 3273 721 3341 duplici
740 3274 967 3342 propugnatorum
988 3273 1077 3326 ordine
1101 3273 1285 3341 depelleretur.

219 3363 290 3417 fossa
309 3360 419 3430 duplici,
440 3369 585 3430 quorumfl
621 3367 630 3429 11
668 3362 700 3414 17
720 3361 774 3415 tela
791 3361 957 3430 permitteret
980 3362 1068 3430 (·rent
1085 3361 1110 3430 ἡ
1131 3363 1239 3414 -rentur
1257 3359 1286 3427 o)

219 3459 237 3519 β
268 3453 277 3522 11
310 3451 343 3506 18
362 3452 408 3520 qui
427 3450 468 3518 alo,
487 3450 602 3518 Foora.;
621 3467 673 3520 quo
691 3450 722 3504 X
751 3450 759 3519 11
790 3451 923 3520 proprior
940 3451 1038 3504 ΑΒΜ1
1070 3452 1079 3520 11
1109 3450 1212 3518 inipso
1232 3467 1285 3503 om.

220 3560 242 3611 φ
275 3542 283 3611 11
316 3542 349 3595 19
368 3540 438 3594 fores
456 3539 496 3608 X3
515 3540 635 3593 fortiores
653 3539 729 3594 Koch
761 3542 769 3610 1
802 3541 844 3594 19.
864 3540 899 3594 20
917 3538 1069 3609 altiorisque
1088 3557 1124 3611 po

310 3630 355 3685 10.
375 3632 391 3684 5
415 3629 571 3682 videbantur
592 3628 707 3682 Nilscdc
748 3631 757 3698 1
797 3629 885 3683 flant
903 3646 955 3683 om.
974 3630 1003 3697 lc3
1024 3629 1074 3683 dol.
1098 3627 1187 3682 Odaco.
1226 3628 1234 3692 11
1271 3629 1287 3681 9

220 3719 310 3774 hostes
330 3737 360 3786 ας
379 3720 496 3785 nostrie
527 3719 535 3787 11
569 3718 602 3773 10
621 3718 676 3787 aut]
700 3734 731 3771 ac
750 3737 772 3769 π
808 3719 817 3788 11
854 3719 966 3772 eandem
983 3717 1009 3786 s,
1033 3718 1124 3772 eadem
1143 3724 1172 3784 β;
1196 3717 1288 3770 eodem

221 3827 239 3859 a
271 3809 280 3877 11
312 3811 343 3861 11
365 3808 568 3878 11111111111;
587 3807 755 3860 Accedebant
772 3825 794 3858 π
826 3807 834 3876 11
867 3807 901 3860 12
914 3822 1023 3862 necesse
1036 3808 1126 3873 eratfl
1156 3805 1165 3873 11
1198 3805 1288 3857 14111-

220 3897 320 3965 spersis
340 3916 358 3949 a
389 3899 398 3966 11
429 3897 595 3967 pabulatores
616 3896 664 3963 δβς
687 3895 857 3963 pabulatoriis
877 3915 894 3948 α
931 3897 939 3965 11
975 3898 1009 3950 16
1029 3895 1198 3949 barbarorum
1221 3894 1288 3947 inci·

221 3986 328 4052 tabatfl
364 3986 372 4053 11
410 3986 551 4040 letamen
570 4005 599 4053 u;
623 3986 671 4039 sed
690 3988 820 4052 tamenfi
855 3985 864 4053 11
901 3984 935 4039 20
958 3984 1061 4040 barbari
1084 3983 1243 4038 inflabantur
1261 4002 1290 4054 (ις

221 4074 380 4128 inflabantur
398 4074 501 4128 barbari
520 4094 552 4143 n,
571 4075 674 4129 barbari
691 4074 844 4127 nitebantur
863 4093 880 4126 α

311 4165 356 4218 11.
377 4163 393 4215 2
412 4164 531 4216 animum
549 4164 733 4230 aduerteretfi
763 4161 772 4230 11
804 4163 895 4217 hostes
914 4183 929 4233 ρ
