2886 4666
240 266 302 326 ΠΟ
639 280 742 333 BllLLl
762 279 904 334 GALLIOI

177 450 217 503 18
238 447 272 505 ut
288 461 344 525 per
360 460 414 505 eos
430 442 470 505 ad
486 441 650 506 Gaesarem
670 443 876 507 deferrentur.
916 441 995 506 Cum
1012 444 1075 505 iam
1092 464 1183 507 muro
1200 448 1305 506 turres
1321 468 1331 508 1

236 548 555 631 adpropinquassent,
585 568 626 612 ex
653 551 785 631 captivis
811 548 926 612 Caesar
954 550 1103 632 cognovit
1129 551 1305 632 Vercinge-

238 656 373 738 torigem
400 661 586 739 consumpto
609 655 725 739 pabulo
750 660 852 719 castra
874 657 1012 719 movisse
1036 657 1167 739 propius
1189 658 1305 719 Avari-

235 781 310 824 cum
343 767 438 843 atque
466 763 570 845 ipsum
598 782 671 825 cum
701 763 846 844 equitatu
874 763 1108 845 expeditisque,
1137 764 1193 845 qui
1221 764 1305 826 inter

236 869 360 951 equites
393 869 541 951 proeliari
573 876 792 950 consuessent,
829 869 1001 932 insidiandi
1034 889 1130 932 causa
1162 889 1199 932 eo
1232 890 1331 952 pro-5

235 975 366 1056 fectum,
391 995 454 1057 quo
477 979 602 1039 nostros
618 981 744 1058 postero
769 976 820 1039 die
835 975 1022 1058 pabulatum
1045 980 1197 1039 venturos
1221 977 1328 1055 arbi-¹

205 1086 380 1145 atraretur.
427 1082 544 1164 quibus
568 1082 662 1146 rebus
686 1083 823 1164 coguitis
847 1083 953 1145 media
973 1086 1065 1146 nocte
1082 1083 1208 1146 silentio
1232 1090 1304 1166 pro-

203 1190 333 1253 efectus
358 1188 397 1250 ad
420 1189 559 1252 hostium
583 1195 684 1252 castra
706 1208 799 1251 mane
822 1191 975 1271 pervenit.
1022 1189 1071 1251 illi
1087 1190 1232 1253 celeriter
1247 1209 1304 1273 per

235 1296 451 1377 exploratores
476 1296 616 1359 adventu
640 1295 782 1359 Caesaris
806 1297 933 1379 cognito
962 1315 1068 1358 carros
1095 1297 1304 1378 impedimen-

234 1407 329 1483 taque
352 1422 411 1465 sua
434 1403 469 1464 in'
493 1403 624 1465 artiores
652 1403 747 1465 silvas
771 1402 971 1484 abdiderunt,
1000 1403 1106 1484 copias
1135 1422 1244 1465 omues
1267 1404 1301 1464 in
1319 1424 1343 1466 ro

204 1509 304 1572 eloco
338 1508 422 1573 edito
455 1515 550 1590 atque
584 1514 690 1592 aperto
723 1511 953 1584 instruxerunt.
1006 1528 1069 1590 qua
1096 1528 1130 1573 re
1155 1510 1303 1572 nuntiata

236 1614 350 1679 Caesar
382 1616 526 1678 celeriter
558 1617 697 1679 sarcinas
730 1616 881 1696 conferri,
914 1636 1002 1678 arma
1029 1616 1174 1698 expediri
1202 1617 1301 1679 iussit.

175 1738 216 1791 19
235 1720 331 1785 Oollis
355 1727 421 1786 erat
442 1722 559 1786 leniter
582 1722 621 1784 ab
645 1722 754 1785 infimo
779 1723 917 1786 acclivis.
969 1723 1055 1785 hunc
1083 1743 1125 1786 ex
1153 1723 1328 1786 omnibusr

233 1829 298 1891 fere
321 1829 466 1911 partibus
490 1829 581 1911 palus
605 1829 742 1892 difficilis
767 1835 861 1913 atque
884 1829 1037 1912 impedita
1064 1829 1212 1912 ringebat
1234 1849 1302 1891 non

205 1935 326 1999 alatior
348 1934 485 2017 pedibus
509 1935 545 1997 L.
592 1937 651 1998 hoc
674 1954 708 1998 se
733 1937 812 1998 colle
840 1937 1022 2019 interruptis
1045 1934 1198 2018 pontibus
1218 1935 1302 1999 Galli

233 2039 351 2103 fiducia
373 2041 437 2104 loci
460 2042 666 2105 continebant
688 2043 928 2125 generatimque
957 2043 1119 2105 distributi
1148 2041 1195 2124 [in
1223 2044 1301 2105 cixi-

234 2147 325 2232 tates]
350 2149 457 2211 omuia
480 2149 562 2211 vada
585 2148 633 2231 [ac
657 2148 766 2231 saltus]
796 2151 865 2213 eius
887 2149 1012 2231 paludis
1041 2148 1228 2212 obtinebant
1255 2151 1328 2212 sico

234 2256 340 2317 animo
368 2257 482 2338 parati,
514 2261 561 2337 ut,
594 2257 621 2318 si
649 2274 719 2318 eam
746 2257 896 2338 paludem
928 2255 1064 2319 Romani
1097 2273 1300 2338 perrumpere

200 2367 437 2443 aconarentur,
461 2363 653 2425 haesitantes
680 2367 861 2444 premerent
889 2381 930 2424 ex
953 2361 1022 2425 loco
1050 2364 1226 2444 superiore3
1256 2367 1299 2444 ut,

233 2471 290 2549 qui
305 2470 573 2551 propinquitatem
592 2469 655 2531 loci
671 2468 801 2548 videret,
825 2473 950 2550 paratos
965 2487 1062 2551 prope
1079 2487 1181 2550 aequo
1201 2468 1299 2532 Marte

231 2575 272 2637 ad
301 2574 518 2637 dimicandum
545 2576 753 2656 existimaret,
787 2576 843 2656 qui
869 2575 1071 2656 iniquitatem
1103 2575 1299 2638 condicionis

231 2683 436 2764 perspiceret,
458 2682 547 2744 inani
571 2682 773 2745 simulatione
801 2700 870 2744 sese
899 2685 1058 2744 ostentare
1086 2686 1298 2764 cognosceret.
1315 2700 1340 2742 ιο

198 2787 435 2870 rindignantes
458 2789 574 2851 milites
599 2786 724 2868 Caesar,
748 2788 834 2868 quod
857 2793 1063 2870 conspectum
1084 2807 1178 2850 suum
1194 2790 1299 2851 hostes

230 2894 312 2957 ferre
336 2898 464 2976 possent
487 2895 609 2956 tantulo
634 2895 733 2977 spatio
765 2895 945 2974 interiecto,
974 2899 1005 2956 et
1032 2895 1159 2977 signum
1186 2895 1299 2976 proelii

230 3005 439 3082 exposcentes
467 3001 590 3082 edocet,
623 3007 741 3082 quanto
771 3000 959 3064 detrimento
993 3006 1025 3064 et
1053 3007 1130 3083 quot
1157 3003 1298 3064 virorum

197 3106 359 3170 sfortiam
381 3120 482 3170 morte
506 3093 640 3186 necesse
664 3109 706 3170 sit
733 3112 877 3171 constare
905 3108 1086 3186 victoriam3
1117 3127 1196 3190 quos
1225 3128 1298 3170 cum

230 3214 276 3275 sic
301 3213 406 3275 animo
430 3217 554 3295 paratos
579 3215 698 3297 videat,
726 3219 763 3276 ut
785 3214 910 3276 nullum
934 3233 991 3297 pro
1015 3233 1073 3276 sua
1096 3214 1191 3278 laude
1214 3216 1338 3298 peri-15

230 3319 338 3383 culum
362 3324 521 3401 recusent,
546 3340 687 3384 summae
704 3340 737 3384 se
753 3322 930 3403 iniquitatis
950 3321 1155 3383 condemnari
1173 3321 1297 3402 debore,

320 3549 353 3603 25
373 3549 560 3615 deferanturfl
583 3609 585 3612 ,

318 3639 363 3693 18.
386 3641 408 3692 1.
430 3639 445 3690 2
464 3638 544 3692 tuuis
563 3638 836 3707 adpropinquassetp
867 3640 875 3703 ΗΗ
908 3640 1094 3694 einsidiarum
1108 3660 1125 3691 o
1157 3640 1166 3707 ΗΗ
1198 3656 1229 3692 eo
1244 3657 1295 3692 om.

223 3735 245 3794 β
276 3729 285 3797 ΗΗ
316 3727 447 3797 Sillicrp

318 3837 362 3890 19.
384 3838 397 3887 l
417 3835 512 3888 leniter
525 3835 599 3905 2(.9);
618 3834 714 3889 leuiter
732 3844 771 3906 φβ
803 3838 811 3906 Η
843 3836 1025 3890 loistributis
1044 3855 1066 3905 φ
1098 3836 1106 3904 Η
1139 3838 1162 3888 l.
1184 3839 1199 3890 5
1219 3837 1245 3888 in
1259 3836 1296 3889 ci-

224 3924 325 3977 uitates
344 3924 393 3976 dcl.
414 3924 511 3977 Morus
543 3925 551 3992 ΗΗ
588 3927 603 3978 5
624 3941 654 3978 ac
673 3924 757 3978 saltus
781 3925 830 3977 dcl.
850 3925 954 3992 Horta3
978 3942 1008 3978 ao
1032 3925 1158 3978 transitus
1181 3924 1269 3992 Nipp.
1288 3923 1296 3994 ΗΗ

225 4011 333 4080 paludis
352 4013 430 4066 certis
450 4013 577 4067 custodiis
597 4013 783 4080 obtinebantfl
813 4013 822 4080 ΗΗ
854 4013 1047 4080 uuiderentp
1079 4015 1087 4078 ll
1122 4014 1295 4067 9existima·

228 4103 321 4167 rentp
352 4102 361 4170 Η
394 4102 427 4153 12
446 4103 563 4169 perferre
583 4122 599 4153 o
631 4103 640 4171 Η
673 4102 774 4170 possint
788 4101 850 4154 HM
877 4102 886 4170 Η
915 4104 947 4156 13
961 4103 1038 4156 docet
1052 4101 1112 4155 HM
1136 4104 1144 4172 Η
1167 4105 1232 4172 quot
1249 4101 1295 4172 Θῆ

222 4189 266 4242 cd.
287 4191 313 4256 13
333 4191 403 4258 quod
423 4208 476 4256 αγις
496 4191 594 4260 quido
626 4191 635 4259 Η
668 4193 700 4245 15
720 4193 824 4259 paratos
844 4191 966 4258 animoss
997 4192 1005 4260 ΗΗ
1037 4192 1140 4246 uideret
1160 4212 1177 4244 a
