2886 4666
500 933 537 999 Ο.
560 933 681 999 IULII
705 932 929 998 CAESARIS

437 1077 648 1153 senar
689 1078 985 1154 caturci

579 1235 848 1290 LIBERPRIMUS.

252 1418 372 1482 -Gallia
390 1423 439 1482 est
458 1419 561 1481 omnis
581 1418 683 1480 divisa
705 1419 741 1480 in
759 1422 863 1500 partes
887 1422 964 1495 tres3
991 1436 1127 1498 quarum
1150 1423 1284 1479 unaml

177 1526 325 1589 incolunt
355 1524 486 1608 Belgae,
523 1506 617 1587 aliam
651 1525 820 1606 Aquitani,
857 1525 982 1588 tertiam
1018 1525 1073 1606 qui
1104 1525 1248 1606 ipsorum

178 1632 289 1716 lingua
312 1632 430 1713 Celtae,
453 1637 562 1695 nostra
582 1631 665 1695 Galli
688 1631 894 1715 appellantur.
937 1631 970 1693 hi
994 1649 1104 1695 omnes
1127 1631 1274 1713 linguae
1315 1544 1388 1719 ,δ’

178 1741 344 1822 institutis,
366 1739 492 1822 legibus
514 1739 600 1802 mter
622 1757 656 1802 se
680 1738 837 1802 amarunt.
882 1732 1051 1826 emmae
1076 1739 1247 1820 Aquitanis
1285 1716 1373 1812 ⁰⁵2·-

109 1912 114 1921 .
180 1846 343 1929 Garumna
369 1845 503 1928 flumen,
537 1865 555 1907 a
582 1845 691 1928 Belgis
719 1844 865 1908 Matrona
893 1851 925 1908 et
948 1844 1097 1928 Sequana
1125 1845 1246 1909 dividit.

126 2011 161 2059 p„
178 1955 293 2016 horum
322 1954 466 2016 omnium
488 1953 651 2015 fortissimi
675 1956 750 2016 sunt
772 1952 904 2034 Belgae,
931 1957 1097 2035 propterea
1121 1952 1207 2034 quod
1230 1971 1275 2013 aa

110 2069 140 2236 ἲ
179 2061 268 2146 Q
295 2065 389 2142 atque
413 2060 611 2157 QQBQ&
634 2060 818 2143 provinciae
841 2059 1026 2141 longissime
1051 2059 1167 2122 absunt
1189 2059 1248 2120 mi-

179 2167 329 2248 nimeque
362 2168 402 2230 ad
434 2186 488 2231 eos
515 2171 707 2230 mercatores
740 2185 833 2249 saepe
866 2171 1046 2229 commeant
1077 2170 1173 2248 atque
1201 2185 1247 2248 ea

181 2292 262 2355 quae
286 2274 326 2336 ad
349 2273 577 2338 effeminandos
591 2274 723 2354 ⁸animes
746 2274 916 2356 pertinent,
945 2274 1118 2356 important
1139 2255 1276 2356 proxi-r

138 2381 287 2463 mmique
315 2386 390 2444 sunt
414 2379 561 2465 German
586 2430 593 2463 ‚
622 2381 679 2462 qui
706 2384 794 2443 trans
816 2380 967 2443 Rhenum
993 2375 1150 2462 incolunt,
1179 2381 1248 2460 qui-

178 2487 315 2551 buscum
342 2466 542 2551 continenber
569 2487 690 2551 bellum
717 2492 840 2570 gerunt.
888 2506 951 2569 qua
980 2488 1018 2550 de
1048 2507 1144 2551 causa
1171 2487 1248 2550 Hel·

178 2590 407 2694 vetiilquoque
421 2594 562 2677 reliquos
582 2586 689 2657 Gallos
708 2595 824 2657 virtute
842 2595 1050 2680 praecedunt,
1075 2595 1162 2677 quod
1182 2593 1248 2658 fere

179 2701 346 2764 cotidianis
378 2701 507 2784 proeliis
540 2719 613 2764 oum
646 2701 813 2764 Germanis
846 2702 1056 2783 contendunt,
1089 2719 1163 2763 cum
1195 2706 1249 2764 aut

180 2809 245 2872 suis
281 2806 401 2871 finibus
437 2827 491 2871 eos
527 2807 697 2890 prohibent
734 2812 788 2870 aut
823 2809 884 2890 ipsi
918 2809 951 2869 iu
985 2827 1096 2871 eorum
1129 2806 1248 2871 finibus

134 2907 299 2978 fibellum
326 2920 450 2998 gerunt.
498 2913 621 2998 [eorum
649 2934 713 2977 una
736 2934 821 2997 para,
851 2935 945 2996 quam
971 2914 1077 2977 Gallos
1105 2914 1275 2979 obtineres

181 3021 384 3103 dictumest,
411 3022 541 3084 initium
568 3023 652 3104 capit
679 3041 698 3083 a
719 3020 852 3084 flumine
875 3021 1043 3104 Rhodano,
1067 3009 1249 3085 continetur

181 3126 343 3190 Garumna
374 3126 520 3210 flumine,
559 3127 699 3210 Oceano,
740 3126 859 3190 finibus
895 3128 1081 3210 Belgarum,
1123 3129 1249 3212 attingit

130 3311 133 3317 ¹
180 3235 276 3298 etiam
303 3234 342 3297 ab
371 3234 528 3316 Sequanis
560 3240 591 3298 et
618 3234 776 3298 Helvetiis
803 3234 924 3298 flumen
951 3235 1101 3299 Rhenum
1226 3235 1232 3247 ’

180 3340 220 3403 ad
257 3343 497 3424 septentriones.
551 3331 669 3424 Belgae
707 3342 745 3404 ab
784 3344 935 3406 extremis
973 3341 1093 3405 Galliae
1178 3341 1276 3405 ‘busa

139 3450 339 3536 aperiuntur,
368 3449 529 3531 pertinent
554 3449 594 3510 ad
617 3449 801 3513 inferiorem
823 3456 945 3532 partem
968 3448 1111 3511 fluminis
1134 3448 1247 3531 Rheni,

170 3560 323 3641 ¹spectant
349 3557 382 3616 in
412 3556 658 3638 septentrionem
685 3563 718 3620 et
741 3557 897 3619 orientem
920 3556 1027 3618 solem.
1073 3556 1275 3636 Aquitaniar

269 3752 296 3803 1.
325 3751 341 3802 b
364 3765 493 3817 garumna
510 3767 542 3818 χ;
571 3766 690 3817 garunna
713 3757 752 3818 φβ
797 3748 805 3819 ll
852 3750 967 3803 15-24
994 3765 1084 3801 eorum
1113 3765 1165 3802 una
1189 3766 1248 3817 pars

243 3839 269 3890 et
283 3837 474 3906 septentriones
492 3838 540 3891 dcl.
556 3838 663 3891 Becher
699 3836 707 3909 ll
746 3840 777 3890 17
798 3839 932 3891 Garumna
945 3838 1020 3902 Bam
1041 3855 1159 3907 garunna
1176 3838 1207 3891 X
1240 3836 1248 3908 ll

181 3928 223 3993 17.
239 3927 271 3980 18
291 3926 407 3995 Oceano,
425 3927 523 3981 finibus
537 3927 692 3996 Belgarum,
707 3928 811 3996 attingit
823 3928 903 3980 etiam
916 3927 990 3990 alm
1011 3944 1137 3981 oceanum
1151 3928 1248 3981 finibus

180 4013 317 4085 belgarum
341 4016 452 4085 attingit.
472 4016 551 4069 etiam
569 4016 600 4069 X
643 4014 650 4087 Η
697 4016 728 4068 21
750 4019 869 4084 spectant
891 4017 961 4070 inter
978 4018 1087 4070 RSchn.
1134 4016 1142 4087 ll
1188 4033 1248 4086 sep-

179 4104 324 4159 tentriones
344 4105 405 4158 Aioi.

225 4208 304 4252 Caesar
317 4211 334 4254 Ι.
351 4211 384 4253 ed.
400 4211 489 4256 Mensel.
1072 4199 1086 4249 Ῑ
