2886 4666
231 270 293 331 140
629 284 734 338 BnLLI
753 283 895 338 GALLlCl

229 447 406 511 Cheruscos
430 446 469 509 ab
493 446 670 510 Sueborum
694 446 881 528 Suebosque
900 447 939 509 ab
957 445 1189 510 Cheruscorum
1212 447 1298 509 iniu-

227 555 284 616 riis
311 553 612 634 incursionibusque
643 553 826 637 prohibere:
861 553 900 615 ad
934 554 1002 616 eius
1035 553 1134 615 silvae
1168 554 1295 616 initium

229 658 351 724 Suebos
376 660 549 724 adventum
572 659 789 724 Romanomm
814 665 980 743 expectare
1005 661 1216 723 constituisse.
1312 683 1342 726 ao

174 777 208 829 11
318 766 477 842 Quoniam
501 767 641 830 adhunc
657 768 763 832 locum
785 771 974 850 perventum
990 771 1050 847 est,
1073 786 1139 830 non
1156 766 1297 830 alienum
1311 791 1324 832 1

228 893 297 938 esse
329 875 457 937 videtur
489 873 527 937 de
562 874 681 937 Galliae
714 874 966 956 Germaniaeque
998 873 1140 937 moribus
1174 878 1205 935 et
1233 893 1296 955 quo

200 980 375 1047 rdifferant
406 981 465 1044 hae
498 982 640 1044 nationes
672 982 755 1043 inter
787 999 856 1044 sese
889 998 1075 1064 proponere.
1126 981 1161 1041 in
1195 978 1298 1042 Gallia

228 1107 294 1150 non
317 1088 421 1151 solum
443 1089 478 1150 in
502 1087 650 1150 omnibus
674 1087 855 1151 civitatibus
871 1092 966 1167 atque
982 1089 1018 1149 in
1041 1087 1191 1150 omnibus
1206 1088 1297 1170 pagis

227 1194 448 1277 partibusque,
472 1194 528 1258 sed
547 1214 647 1278 paene
663 1196 760 1257 etiam
775 1196 810 1257 in
826 1195 962 1277 singulis
980 1193 1127 1257 domibus
1142 1194 1296 1257 factiones
1310 1217 1327 1258 5

200 1307 315 1384 esunt,
348 1320 521 1383 earumque
552 1302 728 1365 factionum
755 1303 915 1385 principes
943 1306 1019 1365 sunt
1051 1303 1106 1383 qui
1138 1321 1296 1364 summam

228 1409 447 1472 auctoritatem
472 1427 580 1472 eorum
605 1408 726 1471 iudicio
751 1408 867 1472 habere
891 1409 1130 1489 existimantur,
1158 1428 1296 1490 qnorum

229 1516 269 1578 ad
293 1516 459 1578 arbitrium
482 1514 704 1598 indiciumque
721 1536 846 1578 summa
862 1517 1005 1578 omnium
1024 1535 1132 1578 rerum
1149 1515 1296 1578 consilio-

200 1642 363 1705 rrumqne
386 1622 502 1685 redeat.
548 1622 645 1703 idque
670 1623 739 1685 eius
766 1623 813 1684 rei
837 1641 933 1685 causa
960 1623 1140 1704 antiquitus
1168 1622 1297 1685 inst'tu-

229 1735 295 1792 tum
319 1728 460 1810 videtur,
483 1747 524 1790 ne
548 1729 619 1810 quis
643 1747 685 1792 ex
707 1728 799 1810 plebe
824 1733 934 1791 contra
948 1730 1158 1812 potentiorem
1182 1729 1296 1791 auxilii
1310 1748 1341 1790 ro

229 1841 347 1919 egeret,
372 1855 448 1899 snos
476 1836 562 1899 enim
590 1836 725 1918 quisque
754 1836 891 1918 opprimi
919 1841 950 1899 11
977 1836 1203 1898 circumveniri
1230 1854 1295 1897 non

228 1943 360 2024 patitur,
388 1960 504 2022 neque,
537 1942 629 2005 aliter
656 1943 683 2005 si
710 1941 816 2024 faciat,
845 1943 942 2005 ullam
970 1944 1053 2005 inter
1081 1963 1155 2007 suos
1183 1941 1298 2005 habeat

201 2048 456 2112 sauctoritatem.
502 2048 581 2111 haee
605 2049 714 2112 eadem
739 2049 821 2111 ratio
845 2055 894 2112 est
915 2051 949 2111 in
969 2068 1094 2112 summa
1109 2051 1206 2112 totius
1224 2048 1296 2110 Gal·

228 2154 303 2234 liae,
329 2173 467 2236 namque
492 2173 602 2218 omnes
626 2156 769 2219 civitates
794 2156 915 2219 divisae
939 2161 1014 2219 sunt
1036 2158 1068 2218 in
1087 2157 1166 2219 duas
1182 2161 1295 2239 partes.

174 2259 308 2332 1101111
332 2260 449 2325 Caesar
470 2263 505 2365 in
530 2261 666 2325 Galliam
689 2264 789 2344 venit,
813 2262 942 2326 alterius
965 2263 1113 2326 factionis
1135 2264 1323 2346 principesr

201 2373 318 2434 nerant
344 2367 485 2450 Haedui,
518 2369 649 2432 alterins
677 2367 827 2451 Sequani.
877 2371 911 2432 hi
939 2389 1012 2433 cum
1039 2390 1096 2454 per
1123 2389 1156 2433 se
1188 2371 1295 2432 minus

227 2475 383 2558 valerent,
408 2475 493 2557 quod
517 2496 642 2540 summa
664 2478 834 2540 auctoritas
858 2479 1035 2558 antiquitus
1064 2482 1131 2540 erat
1153 2479 1187 2539 in
1211 2475 1296 2539 Hae-

195 2602 198 2607 ·
228 2581 300 2646 duis
323 2602 522 2666 magnaeque
547 2602 657 2646 corum
680 2588 771 2647 erant
793 2583 971 2664 clientelae,
1001 2584 1176 2647 Germanos
1200 2588 1295 2664 atque

227 2692 426 2753 Ariovistum
450 2690 511 2753 sibi
535 2688 749 2768 adiunxerant
772 2709 890 2771 eosque
913 2691 954 2754 ad
977 2710 1010 2754 11
1025 2693 1150 2774 magnis
1165 2692 1326 2753 iacturiso

199 2796 575 2879 epollicitationibusquo
598 2797 822 2880 perduxerant.
867 2797 997 2880 proeliis
1024 2817 1100 2861 vero
1126 2798 1296 2880 compluri-

228 2902 287 2966 bus
311 2904 401 2967 factis
425 2903 574 2967 secundis
597 2909 691 2986 atque
715 2905 803 2967 omni
826 2904 991 2967 nobilitate
1013 2905 1223 2968 Haeduorum
1246 2905 1295 2966 in-

228 3010 358 3073 terfecta
380 3015 504 3073 tanturn
526 3013 666 3094 potentia
690 3017 934 3094 antecesserant,
957 3017 994 3074 ut
1009 3032 1157 3095 magnam
1173 3016 1296 3094 partem

200 3116 393 3181 rolientium
418 3115 457 3178 ab
480 3116 625 3180 Haeduis
648 3118 687 3180 ad
711 3137 744 3181 se
768 3117 970 3181 traducerent
985 3118 1174 3199 obsidesque
1191 3117 1228 3180 ab
1246 3118 1295 3180 his

227 3223 412 3305 principum
435 3222 519 3287 filios
543 3226 722 3307 acciperent
737 3229 768 3289 et
783 3224 912 3307 publice
928 3227 1032 3288 iurare
1050 3230 1201 3308 cogerent
1215 3225 1295 3287 nihil
1310 3243 1340 3284 ro

228 3347 261 3390 se
294 3334 404 3392 contra
436 3329 600 3413 Sequanos
627 3332 754 3396 consilii
784 3333 922 3395 inituros
954 3337 986 3396 et
1013 3338 1136 3415 partem
1167 3331 1296 3394 finitimi

228 3437 295 3519 agri
318 3454 375 3517 per
397 3438 463 3499 vim
480 3444 665 3521 occupatam
680 3439 880 3523 possiderent
896 3438 1080 3520 Galliaeque
1097 3440 1193 3501 totins
1209 3441 1296 3520 prin-

317 3667 351 3721 18
370 3673 421 3734 111
453 3665 461 3734 11
493 3665 640 3721 Sueborum
663 3666 768 3734 Odore,
787 3667 876 3720 suebis
896 3668 995 3735 (saenis
1014 3669 1065 3734 nh)
1084 3668 1114 3720 X
1143 3669 1151 3736 11
1184 3683 1296 3721 suenos-

227 3763 314 3823 qness
345 3759 353 3824 11
387 3757 580 3811 Cheruscorum
603 3756 707 3823 Odore,
727 3756 863 3809 cheruscis
876 3756 906 3808 X
935 3756 943 3823 11
977 3757 1010 3810 19
1023 3757 1080 3809 eins
1093 3757 1197 3810 initium
1212 3756 1298 3809 siluae

228 3864 245 3895 u
277 3845 285 3912 11
319 3845 352 3899 20
371 3853 504 3912 sueuosfl

317 3936 362 3988 11.
383 3937 398 3987 5
418 3935 589 4003 partibusque
608 3934 657 3988 del.
677 3934 775 3988 Dacis.
808 3937 817 4004 11
848 3934 986 3987 1111111
1019 3935 1027 4002 11
1060 3936 1152 3989 dsunt
1165 3936 1297 4003 principes

227 4024 264 4076 ab
296 4025 304 4092 11
336 4023 451 4090 9idque
469 4030 498 4089 β;
517 4023 610 4091 ltaque
625 4042 641 4074 u
673 4025 682 4092 11
716 4023 750 4076 12
768 4024 895 4090 1111111111
927 4026 935 4087 11
962 4024 1064 4077 11111111
1083 4023 1196 4091 Whitte3
1216 4025 1299 4078 habet

226 4112 257 4165 X
286 4114 294 4180 11
329 4113 362 4164 14
380 4112 409 4164 in
427 4115 516 4180 partes
535 4112 634 4166 diuisae
653 4117 716 4166 sunt
734 4113 800 4166 duas
820 4132 837 4164 1

317 4202 362 4255 12.
382 4202 563 4254 terentem.
582 4209 600 4268 β
633 4201 641 4269 11
675 4201 707 4254 12
727 4204 882 4270 occupatam
902 4202 944 4269 uf,
964 4205 1122 4270 occupatum
1141 4210 1157 4269 β
