2886 4666
1180 344 1224 404 III

174 508 259 564 etiam
268 508 299 561 X
303 510 327 575 ;“
342 509 410 578 (3,1,
421 510 444 577 6)
456 509 522 573 „hos
530 509 568 564 ed.
577 527 636 578 pr.;
645 511 750 564 hocas
778 509 809 565 Si
820 524 916 564 omncs
924 508 988 564 libri
997 514 1025 565 et
1034 508 1224 579 manuscripti

175 597 204 648 et
221 593 298 663 typis
315 593 437 663 expressi
453 589 640 663 consentiunt,
656 594 829 649 coniecturas
845 593 991 649 hominum
1008 593 1154 648 doctorum
1165 593 1224 664 ple·

175 694 293 748 rumque
310 678 351 733 ita
367 677 468 745 adfero,
486 683 520 733 ut
537 695 570 733 ea
586 679 685 746 uerba,
708 679 739 733 in
756 677 858 748 quibus
875 679 1022 734 discedunt
1038 678 1074 732 ab
1092 677 1223 732 omnibus

174 761 267 830 libris,
293 762 426 818 litteris
452 763 570 818 latius
591 763 779 834 dispositis
802 763 920 817 indicem
937 768 1021 833 atque
1038 762 1223 832 distinguam

175 847 212 903 ci.
228 847 332 915 2,41,8
351 847 481 915 „fortuna
497 864 606 903 seruare
623 847 800 902 uoluisset
825 847 1011 902 Comelisecffl
1034 847 1109 917 (libri
1126 863 1224 901 omnes

174 930 290 986 habent:
309 932 422 986 fortuna
433 948 542 988 seruare
553 933 709 1005 potuisset).
722 964 755 974 -
768 932 911 987 Praeterea
922 931 1082 999 defendendi
1091 935 1119 986 et
1130 931 1227 984 tuendi

176 1015 262 1070 uerbo
279 1017 321 1070 ita
338 1033 446 1088 semper
462 1034 530 1072 usus
548 1034 621 1085 sum,
638 1022 672 1072 ut
689 1018 725 1072 ad
743 1016 870 1072 codicum
888 1033 968 1071 macr.
985 1016 1070 1071 uerba
1081 1016 1225 1086 pertineat,

174 1100 255 1154 uelut
280 1100 326 1156 VI
334 1101 386 1168 o,2
411 1101 554 1173 „eoquod
571 1107 709 1157 meruerat
725 1102 773 1156 del.
797 1100 897 1170 Apita,
920 1100 1019 1167 Vicllm
1045 1100 1148 1167 desard.
1165 1100 1224 1168 Da,

176 1183 326 1238 ΔΕΜ*
352 1186 427 1241 idem
453 1191 496 1242 est
521 1186 596 1258 quod
623 1187 726 1256 „uerba
751 1202 788 1241 eo
810 1185 900 1255 quod
918 1189 1092 1240 meruerat
1107 1184 1226 1239 delenda

176 1275 290 1325 censent
306 1272 393 1342 Apitz
410 1277 439 1326 et
456 1271 620 1341 Vielhaber,
647 1272 743 1327 eadem
770 1270 857 1325 uerba
879 1285 897 1324 a
915 1271 1030 1324 Caesare
1046 1270 1150 1340 scripta
1166 1285 1226 1324 esse

175 1351 364 1410 demonstrare
390 1361 528 1412 conantur
544 1357 645 1412 Dinter
671 1361 699 1411 et
719 1355 884 1410 AHomer.“
920 1354 1024 1410 Contra
1043 1353 1182 1422 probaudi
1197 1359 1226 1409 et

175 1435 354 1506 depredandi
369 1443 456 1497 uerba
472 1459 580 1514 semper
597 1441 736 1512 pertinent
758 1441 794 1494 ad
811 1441 996 1508 coniecturas,
1021 1439 1102 1494 uelut
1118 1439 1164 1494 VI
1174 1440 1225 1507 7,6

175 1524 267 1578 uerbis
285 1524 332 1592 „in
349 1527 463 1582 consilio
480 1527 528 1582 del.
550 1527 638 1591 Paua
660 1525 739 1594 prob.
765 1525 894 1579 lidebaf‘
920 1524 1042 1579 indicaui
1068 1523 1225 1579 liudolfum

177 1607 376 1665 Schneiderum
394 1612 511 1682 probare
528 1611 663 1668 Guilelmi
680 1610 754 1665 Paul
771 1610 972 1676 coniecturam,
999 1609 1047 1678 qui
1073 1610 1160 1664 uerba
1175 1609 1226 1664 illa

175 1691 293 1748 delenda
309 1700 409 1751 censet.
435 1696 560 1765 (Probari
571 1700 665 1752 autem
677 1695 863 1751 coniecturam
875 1692 911 1748 ab
920 1693 983 1747 aliis
1000 1709 1082 1764 saepe
1098 1695 1225 1750 consulto

175 1792 232 1831 non
258 1781 491 1850 commemoraui.)
508 1812 543 1820 —
560 1781 640 1837 Haec
657 1781 713 1836 fere
738 1784 814 1848 sunt,
837 1794 908 1850 quae
924 1778 1105 1848 explicatione
1130 1779 1225 1834 uiden-

175 1865 222 1915 tur
239 1878 325 1933 egere.

245 1947 397 2019 Reliquum
414 1955 469 2019 est,
487 1957 520 2006 ut
536 1952 639 2006 addam
656 1950 749 2020 ipsum
767 1965 812 2005 me
829 1965 888 2018 eas,
911 1965 981 2020 quas
998 1951 1225 2018 commemoraui,

175 2031 345 2088 coniecturas
361 2050 396 2089 ex
409 2035 588 2104 editionibus,
611 2033 758 2090 annalibus
775 2034 892 2106 aliisque
903 2034 981 2089 libris
1004 2034 1140 2090 libellisue
1156 2036 1226 2090 hau·

176 2115 257 2184 sisse,
280 2117 398 2174 aliorum
415 2121 506 2176 uerbis
524 2138 569 2177 me
585 2121 669 2176 fidem
686 2137 744 2175 non
760 2119 899 2176 habuisse.
938 2119 969 2175 Si
985 2135 1042 2189 qua
1057 2119 1225 2175 coniectura-

176 2217 252 2268 rum,
278 2219 348 2272 quas
367 2205 426 2274 ipse
442 2221 499 2259 non
516 2207 692 2283 inuenerem,
718 2208 755 2261 ab
782 2207 845 2260 aliis
866 2205 940 2260 facta
957 2209 1017 2259 erat
1033 2205 1152 2273 mentio,
1178 2221 1225 2260 eos

138 2325 141 2328 ⁴
175 2284 270 2354 libros,
295 2289 326 2341 in
351 2289 453 2359 quibus
480 2290 589 2360 prolata
614 2291 757 2346 dicebatur
782 2292 833 2346 illa
849 2290 1015 2357 coniectura,
1040 2289 1100 2359 ipse
1116 2290 1225 2357 euolui;

177 2370 202 2423 si
213 2369 331 2429 aliorum
344 2374 430 2428 uerba
448 2375 643 2446 discrepabant
658 2377 694 2432 ab
705 2377 748 2445 iis,
765 2392 837 2447 quae
847 2391 899 2446 ego
910 2374 1116 2444 exscripseram,
1133 2373 1226 2430 denuo

174 2456 232 2509 eius
255 2457 331 2512 modi
348 2457 423 2514 locos
439 2460 548 2531 inspexi
569 2467 619 2517 aut
641 2468 757 2517 conatus
785 2478 849 2516 sum
873 2464 950 2530 (nam
968 2459 1069 2529 uiginti
1085 2459 1140 2515 fere
1156 2460 1225 2515 locis

173 2556 230 2595 non
247 2542 339 2609 licuit)
357 2545 500 2614 inspicere.
535 2546 601 2614 Qua
626 2547 656 2602 in
682 2564 711 2602 re
736 2563 802 2603 cum
827 2561 917 2600 unum
934 2560 1044 2611 meum,
1071 2545 1225 2616 permultos

175 2625 293 2681 aliorum
310 2627 537 2700 deprehenderim
554 2648 667 2700 errores,
692 2647 803 2702 sperare
827 2630 893 2686 licet
917 2646 974 2684 non
997 2629 1149 2684 admodum
1166 2646 1225 2685 ma-

173 2727 262 2781 gnum
279 2712 337 2768 fore
354 2729 451 2769 eorum
467 2707 592 2770 locorum
609 2732 768 2782 numerum,
796 2731 853 2786 quo
869 2714 1024 2768 errauerlm.
1059 2713 1157 2769 Nihilo
1174 2715 1226 2769 mi-

175 2812 229 2850 nus
246 2813 305 2852 non
322 2799 402 2854 nulla
418 2816 436 2855 a
452 2816 498 2855 me
513 2802 717 2871 praetermissa,
733 2818 790 2856 non
802 2801 882 2854 nulla
899 2815 955 2854 non
972 2803 1046 2853 recte
1063 2799 1149 2854 allata
1166 2816 1226 2856 esse

173 2881 233 2935 ueri
251 2883 342 2939 simile
358 2890 413 2953 est3
441 2885 476 2940 de
504 2885 606 2956 quibus
628 2887 677 2959 qui
694 2902 739 2941 me
756 2883 932 2940 admonuerit
949 2883 1138 2954 gratissimum
1155 2885 1225 2940 mihi

172 2964 274 3021 fecerit.

244 3050 329 3107 Vnde
346 3053 457 3124 singula
474 3055 600 3125 petierim
617 3059 645 3110 et
662 3054 764 3125 quibus
781 3055 855 3110 notis
873 3070 941 3109 usus
959 3054 1022 3122 sim,
1039 3070 1074 3109 ex
1091 3070 1123 3110 eo
1141 3071 1225 3126 quem

173 3136 279 3190 subieci
295 3137 387 3193 indice
403 3144 591 3210 cognoscetur.

174 3220 324 3276 debuimus
342 3244 374 3272 =
392 3223 477 3278 caius
494 3224 589 3280 Julius
607 3225 709 3280 Caesar
730 3225 767 3280 ad
789 3225 898 3281 codices
916 3225 1056 3280 Parisinos
1073 3227 1224 3282 recensitus

242 3323 307 3362 cum
326 3347 332 3359 .
351 3347 357 3358 .
375 3348 381 3359 .
399 3309 569 3363 eruditorum
598 3311 688 3378 notis,
716 3310 818 3388 quibus
847 3327 913 3366 suas
942 3311 1103 3366 adiecerunt
1127 3311 1164 3366 N.
1191 3312 1224 3366 L.

242 3391 393 3448 Achalntre
418 3398 446 3448 et
471 3394 509 3450 N.
535 3393 569 3450 E.
596 3394 730 3451 Lemaire.
756 3396 822 3452 Vol.
848 3396 873 3451 Ι.
900 3397 940 3452 11.
975 3397 1061 3451 Paris.
1097 3397 1172 3452 1819.
1190 3398 1226 3453 20

242 3477 314 3547 (raro
331 3478 460 3549 inspexi).

139 3578 143 3583 ’
170 3555 361 3654 Ἀθήναιον,
385 3562 574 3652 σύγγραμμα
595 3565 793 3653 περιοδικόν.
824 3561 1006 3658 Ἀθήνησιν
1023 3584 1224 3653 (1872-)1882.

174 3663 323 3719 Aicordas.
358 3666 440 3734 Quae
456 3665 632 3733 adferuntur,
659 3684 692 3722 ea
707 3667 810 3723 hausta
826 3673 893 3723 sunt
909 3685 945 3723 ex
962 3667 1152 3740 Oudendorpii
1169 3669 1225 3724 edi-

239 3749 322 3804 tione.
340 3751 383 3806 of.
401 3750 474 3807 Oud.
493 3751 606 3821 praefat.
623 3753 670 3809 fol.
690 3755 739 3808 **3
759 3770 828 3808 uers.

172 3833 248 3888 Aba.
268 3856 301 3884 =
319 3836 476 3903 Aimoinus,
493 3836 538 3891 De
555 3837 638 3906 gestis
656 3838 837 3906 Francorum,
855 3838 969 3908 praefat.
988 3838 1224 3907 (Commemoraui

241 3935 331 3989 pauca
348 3937 382 3976 ex
399 3922 443 3989 iis,
460 3938 532 3992 quae
549 3922 585 3976 ab
604 3921 676 3978 Oud.
695 3929 723 3977 et
739 3923 824 3993 Nipp.
842 3923 1039 3992 proferuntur.)

173 4002 234 4058 All.
254 4025 286 4054 =
305 4005 430 4060 (laesuris
447 4012 626 4061 commentar.
644 4007 769 4063 Venetiis
786 4009 816 4062 in
834 4007 948 4062 aedibus
960 4008 1036 4075 Aldi,
1053 4012 1081 4062 st
1095 4007 1224 4063 Andreae

240 4089 326 4144 soceri
343 4092 410 4147 1513
427 4107 522 4147 mense
538 4091 636 4162 Aprili.
