2886 4666
223 243 287 304 174
622 255 727 310 BELLI
749 255 892 310 GALLICI

222 419 375 500 defendit,
409 438 490 501 quae
522 420 684 501 perpetuis
716 418 860 481 trabibus
892 419 1009 501 pedum
1049 419 1290 500 quadragenum

220 525 409 608 plerumque
433 527 590 589 introrsus
614 527 758 589 revincta
781 544 886 607 neque
909 526 1073 608 perrumpi
1096 544 1201 608 neque
1226 525 1290 588 dis-

166 639 201 692 24
220 633 303 695 trahi
325 638 436 714 potest.
481 631 542 695 His
566 638 612 695 tot
634 633 730 695 rebus
746 632 896 714 impedita
913 634 1147 715 oppugnatione
1162 632 1289 712 milites
1305 657 1320 696 1

221 759 295 802 cum
318 744 383 802 toto
408 747 547 822 tempore
571 739 686 821 frigore
703 744 735 802 et
750 738 891 802 adsiduis
907 739 1063 801 imbribus
1079 738 1289 820 tardarentur,
1305 774 1307 778 ·

221 852 327 909 tameu
351 847 526 910 continenti
549 846 657 909 labore
681 847 789 907 omnia
811 846 889 908 haec
912 851 1145 928 superaverunt
1169 851 1200 908 et
1223 844 1289 908 die-

220 953 280 1015 bus
303 952 403 1016 XXV
431 971 578 1035 aggerem
601 952 702 1014 latum
725 952 822 1035 pedes
851 950 1042 1034 soom,
1070 953 1169 1014 altum
1192 951 1305 1034 pedes

194 1059 348 1124 aLXXX
372 1064 593 1123 extruxerunt.
641 1079 715 1122 cum
737 1060 765 1121 is
788 1079 918 1120 nimum
940 1060 1079 1122 hostiurn
1096 1078 1196 1147 paene
1213 1078 1320 1122 con-s

221 1169 357 1250 tingeret
381 1171 413 1230 et
436 1165 549 1230 Caesar
572 1165 611 1227 ad
636 1168 716 1248 opus
740 1165 972 1229 consuetudine
1001 1167 1177 1228 excubaret
1204 1166 1288 1228 mili-

221 1280 332 1356 tesque
354 1274 547 1355 hortaretur,
571 1291 612 1335 ne
637 1272 722 1353 quod
747 1273 876 1335 omnino
901 1277 1025 1355 tempus
1053 1272 1091 1334 ab
1116 1291 1211 1355 opere
1238 1273 1288 1335 in-

221 1382 458 1460 termitteretur,
474 1379 568 1462 paulo
586 1384 659 1441 ante
675 1381 800 1442 tertiam
813 1379 953 1462 vigiliam
972 1384 1020 1442 est
1031 1378 1289 1442 animadversum

192 1489 341 1550 afumare
366 1505 526 1569 aggerem,
550 1504 646 1567 quem
670 1486 817 1548 cuniculo
841 1487 947 1548 hostes
970 1486 1212 1566 succenderant,
1236 1504 1289 1548 eo·

221 1594 357 1675 demque
381 1600 521 1675 tempore
545 1598 609 1655 toto
633 1612 724 1655 muro
749 1593 885 1656 clamore
902 1592 1026 1654 sublato
1044 1592 1167 1655 duabus
1189 1593 1289 1674 portis
1304 1614 1335 1655 ro

193 1700 259 1762 rab
284 1706 420 1782 utroque
445 1700 542 1762 latere
566 1700 703 1761 turrium
727 1700 850 1781 eruptio
871 1698 975 1762 fiebat.
1022 1699 1077 1760 alii
1092 1699 1177 1762 faces
1193 1704 1289 1781 atque

221 1807 344 1869 aridam
366 1807 532 1881 materiam
556 1806 595 1869 de
618 1825 710 1867 muro
739 1807 773 1867 in
797 1824 945 1888 aggerem
969 1807 1094 1868 eminus
1122 1804 1289 1885 iaciebant,

221 1914 324 1994 picem
348 1912 552 1994 reliquasque
576 1931 639 1993 ree,
669 1911 786 1993 quibus
810 1913 893 1994 ignis
917 1914 1050 1974 excitari
1072 1917 1189 1994 potest,
1216 1912 1289 1974 fun-

222 2018 353 2099 debant,
372 2023 418 2081 ,ut
441 2038 503 2100 quo
527 2019 665 2100 primum
690 2024 909 2082 occurreretur
932 2024 986 2081 aut
1009 2020 1062 2081 eui
1084 2019 1131 2082 rei
1153 2018 1290 2082 ferretur

195 2126 379 2187 scurrilium
412 2127 469 2187 vix
500 2125 580 2188 ratio
608 2126 683 2187 iniri
710 2130 823 2207 posset.
874 2131 993 2207 tamen,
1027 2125 1111 2207 quod
1143 2127 1288 2188 instituto
1304 2145 1334 2186 rs

222 2231 365 2295 Caesaris
398 2232 480 2295 duae
513 2251 637 2314 semper
668 2233 811 2315 legiones
848 2252 904 2315 pro
938 2234 1050 2295 castris
1087 2232 1290 2296 excubabant

119 2389 121 2392 .
221 2339 393 2421 pluresque
425 2340 549 2421 partitis
581 2339 778 2421 temporibus
811 2344 901 2401 erant
933 2340 966 2400 iu
1001 2358 1107 2421 opere,
1145 2339 1290 2402 celeriter

220 2446 340 2508 factum
364 2451 424 2527 est,
448 2451 484 2508 ut
507 2445 560 2508 alii
585 2445 806 2527 eruptionibus
826 2447 1019 2528 resisterent,
1044 2446 1098 2507 alii
1113 2451 1217 2508 turres
1240 2465 1289 2509 re·

221 2553 375 2615 ducerent
392 2571 602 2635 aggeremque
618 2552 892 2634 interscindereut,
909 2553 1012 2615 omnis
1029 2572 1104 2616 vero
1121 2571 1162 2615 ex
1179 2553 1289 2615 castris

166 2670 203 2724 25
221 2660 392 2722 multitudo
417 2659 457 2720 ad
480 2658 744 2741 restinguendum
768 2665 978 2723 concurreret.
1026 2657 1106 2721 Cum
1129 2661 1164 2721 in
1188 2660 1319 2722 omni-1

220 2765 281 2828 bus
305 2765 383 2828 loeis
407 2770 596 2846 consmnpta
617 2766 682 2829 iam
705 2765 830 2846 reliqua
851 2770 940 2848 parte
964 2766 1066 2828 noctis
1093 2771 1290 2848 pugnaretur

221 2891 410 2954 semperque
426 2871 570 2934 hostibus
586 2890 657 2954 spes
673 2872 823 2934 victoriae
835 2872 1112 2954 redintegraretur,
1129 2890 1165 2934 eo
1178 2873 1289 2954 magiS,

222 2979 306 3061 quod
337 2977 465 3041 deustos
492 2978 618 3060 pluteos
646 2979 783 3046 turrium
813 2979 966 3041 ridebant
992 2998 1052 3042 nec
1080 2978 1172 3042 facile
1201 2979 1289 3057 adire
1350 3046 1351 3049 ,

222 3090 345 3166 apertos
369 3085 409 3146 ad
433 3085 654 3146 auxiliandum
682 3085 989 3166 animadvertebant,
1017 3067 1213 3167 semperque
1228 3086 1320 3167 ipsis

221 3195 365 3253 recentes
394 3190 525 3253 defessis
554 3190 760 3254 succederent
788 3211 979 3273 omnemque
1003 3191 1124 3254 Galliae
1152 3191 1289 3254 salutem

220 3298 253 3358 iu
279 3296 332 3358 illo
356 3297 489 3379 vestigio
514 3285 664 3379 temporis
687 3298 821 3380 positam
838 3298 1079 3379 arbitrarentur,
1104 3298 1218 3360 accidit
1240 3299 1289 3359 in-

221 3403 437 3486 spectantibus
461 3402 552 3465 nobis
577 3403 661 3485 quod
686 3404 820 3486 dignum
843 3405 995 3467 memoria
1023 3405 1127 3466 visum
1150 3409 1289 3486 praeter-

194 3510 364 3573 2eundum
386 3529 451 3577 uon
475 3510 736 3572 existimavimus.
784 3511 913 3593 quidam
938 3516 1011 3574 ante
1033 3515 1158 3593 portam
1181 3510 1292 3593 oppidi

311 3722 344 3775 16
362 3721 461 3789 pedum
480 3722 678 3790 quadragenum
697 3720 802 3788 Hotm.;
822 3723 903 3790 pedes
923 3722 1105 3790 quadragenos
1123 3721 1154 3773 X

309 3809 354 3864 24.
375 3810 391 3862 ‘2
410 3810 506 3878 frigore
525 3829 554 3877 a,
573 3811 628 3863 luto
647 3810 744 3878 frigore
762 3817 779 3875 β
801 3811 810 3878 Η
833 3811 1034 3879 traderenturrp
1066 3811 1075 3877 ΙΙ
1107 3813 1123 3864 5
1142 3810 1166 3863 is
1184 3809 1292 3876 Bsta²;

220 3898 261 3950 his
275 3898 397 3964 M¹Su¹l3
417 3916 469 3952 om.
478 3919 499 3968 χ
531 3900 539 3966 Η
571 3900 634 3953 det
653 3916 705 3951 om.
726 3917 743 3949 a
775 3900 784 3966 lt
817 3899 850 3950 12
869 3899 1007 3952 materiem
1027 3919 1044 3950 a
1076 3900 1085 3967 l
1118 3900 1151 3950 13
1171 3915 1291 3967 queem.

219 3985 310 4056 BMpf
337 3989 345 4054 tl
379 3989 412 4039 14
431 3991 583 4041 curreretur
602 4007 619 4039 u
651 3989 660 4056 lt
693 3988 726 4040 16
746 4002 851 4054 semper
870 3989 937 4041 duae
957 4008 974 4039 a
1007 3993 1015 4055 tt
1048 3987 1248 4053 excubaruntss

309 4075 354 4129 ⁶25.
374 4077 390 4128 3
410 4092 461 4144 que
480 4083 568 4143 unali
600 4076 608 4144 ll
644 4075 795 4128 4turrium
813 4076 863 4129 dcl.
882 4076 987 4145 Kb'clrlp
1024 4082 1032 4143 ΙΙ
1069 4077 1222 4130 bammum
1241 4076 1292 4128 ad—

219 4163 358 4216 uertebant
377 4164 414 4216 ab
433 4167 497 4229 (om.
519 4165 539 4232 l)
