2886 4666
498 312 605 366 LIBER
623 312 684 366 VII.
704 311 779 365 CAP.
799 313 922 366 49-53.
1181 297 1242 359 191

177 494 234 558 pro
256 474 399 538 subsidio
422 475 517 558 paulo
548 476 697 556 aequiore
727 475 797 538 loco
828 476 1019 539 constiterat.
1065 475 1147 539 hanc
1174 496 1273 540 rur-a

149 599 232 647 aens
258 579 350 645 XIII.
373 581 509 663 legionis
537 583 682 644 cohortes
710 586 917 664 exceperunt,
951 601 1033 664 quae
1066 600 1106 644 ex
1135 583 1245 645 castris

176 687 357 752 minoribus
380 688 514 753 eductae
543 708 616 751 cum
643 688 674 750 T.
699 686 809 751 Sextio
837 688 942 770 legato
966 694 1115 771 ceperant
1137 689 1244 752 locum

177 796 382 878 superiorem.
430 796 585 879 legiones,
619 794 675 858 ubi
702 797 842 878 primum
870 796 1034 878 planitiem
1063 797 1272 879 attigerunte

176 901 301 965 infestis
328 907 440 965 contra
466 903 588 965 hostem
617 903 717 985 signis
740 903 959 965 constiterunt.
998 903 1272 986 Vercingetorixr

178 1007 216 1071 ab
239 1008 402 1072 radicibus
426 1009 515 1072 collis
539 1028 614 1072 suos
637 1010 723 1072 intra
744 1010 939 1072 munitiones
959 1010 1096 1072 reduxIt.
1135 1028 1171 1071 eo
1194 1010 1244 1073 die

136 1136 164 1180 ro
176 1115 295 1179 milites
318 1120 395 1178 sunt
416 1115 511 1198 paulo
534 1117 642 1178 minus
664 1114 745 1178 DCC
769 1116 945 1178 desiderati.

149 1244 162 1286 1
265 1220 397 1286 Postero
422 1222 473 1286 die
490 1220 605 1286 Caesar
625 1223 772 1286 contione
789 1222 940 1285 advocata
961 1223 1170 1286 temeritatem
1189 1243 1244 1286 on-
1262 1237 1298 1290 52

176 1327 408 1412 piditatemque
430 1330 569 1392 militum
592 1329 805 1412 reprehendit,
835 1329 920 1411 quod
949 1329 1009 1392 sibi
1037 1330 1096 1411 ipsi
1125 1331 1244 1392 iudica-

176 1436 309 1519 vissent,
340 1455 403 1519 quo
432 1436 670 1518 procedendum
698 1440 753 1498 aut
781 1435 858 1517 quid
887 1437 1045 1519 agendum
1073 1437 1243 1518 videretur,

176 1560 282 1625 neque
305 1544 397 1625 signo
421 1543 599 1625 recipiendi
623 1542 694 1605 dato
714 1544 930 1605 constitissent
949 1561 1055 1623 neque
1072 1562 1091 1604 a
1106 1542 1244 1606 tribunis

149 1648 314 1713 amilitum
338 1650 516 1731 legatisque
539 1650 669 1712 retineri
693 1650 876 1732 potuissent.
917 1651 1077 1731 exposuit,
1101 1649 1179 1731 quid
1195 1651 1271 1712 in-2

175 1755 294 1837 iquitas
317 1755 380 1818 loci
403 1762 522 1838 posset,
547 1756 632 1838 quod
648 1757 715 1838 ipse
733 1756 773 1818 ad
790 1756 965 1819 Avaricum
981 1757 1145 1836 sensisset,
1169 1776 1243 1818 cum

177 1862 246 1926 sine
262 1861 343 1925 duce
367 1867 399 1927 et
414 1863 483 1925 sine
500 1864 645 1944 equitatu
661 1863 867 1946 deprehensis
883 1863 1026 1926 hostibus
1048 1864 1244 1946 exploratam

177 1969 342 2060 victoriam
358 1969 544 2051 dimisisset,
561 1989 601 2032 ne
616 1989 750 2052 parvum
767 1970 862 2033 modo
879 1970 1104 2033 detrimentum
1120 1971 1154 2032 in
1171 1990 1244 2033 con-

177 2076 317 2138 tentione
340 2081 469 2159 propter
484 2077 686 2157 iniquitatem
709 2076 770 2139 loci
795 2077 958 2140 accideret.
1007 2083 1125 2159 quanto
1150 2096 1271 2160 operes

136 2201 163 2244 1o
178 2200 287 2245 eorum
312 2183 411 2245 animi
430 2183 684 2265 magnitudinem
703 2183 924 2264 admiraretur,
950 2201 1029 2263 quos
1045 2203 1108 2246 non
1126 2189 1243 2247 castro-

176 2308 247 2351 rum
271 2290 479 2370 munitioneS,
507 2309 571 2352 non
597 2289 729 2351 altitudo
754 2290 884 2368 montis,
912 2307 977 2351 non
1000 2309 1112 2352 murus
1137 2290 1244 2372 oppidi

176 2394 299 2458 tardare
326 2397 492 2478 potuIsset,
526 2400 613 2458 tanto
646 2415 740 2477 opere
772 2395 934 2457 licentiam
967 2397 1243 2477 arrogantiamque

175 2503 419 2585 reprehendere,
445 2503 530 2584 quod
550 2503 623 2585 plus
644 2521 677 2565 se
699 2521 794 2583 quam
815 2503 1038 2584 imperatorem
1056 2502 1095 2565 de
1112 2504 1244 2565 victoria

176 2613 270 2690 atque
294 2610 385 2672 exitu
407 2628 515 2672 rerum
540 2611 656 2672 sentire
681 2610 915 2688 existimarent,
944 2628 1005 2672 nec
1033 2610 1140 2671 miuus
1168 2628 1200 2672 se
1225 2629 1270 2671 aa

136 2734 162 2776 15
176 2716 277 2779 milite
304 2715 492 2779 modestiam
525 2722 556 2778 et
588 2717 816 2779 continentiam
845 2736 941 2798 quam
968 2717 1118 2778 virtutem
1147 2721 1242 2798 atque

149 2823 274 2884 ranimi
297 2823 553 2904 magnitudinem
577 2822 765 2885 desiderare.
812 2821 882 2884 Hac
905 2822 1011 2884 hahita
1039 2824 1185 2885 contione
1211 2828 1243 2885 et
1260 2834 1298 2889 53

176 2930 216 2991 ad
239 2935 419 2992 extremum
439 2928 604 3011 [oratione]
626 2928 820 2991 confirmatis
842 2927 1010 3007 militibus,
1034 2947 1074 2990 ne
1099 2928 1138 2991 ob
1161 2929 1243 2992 hanc

176 3055 304 3099 causam
321 3036 427 3098 animo
448 3040 711 3118 permoverentur
726 3054 791 3098 neu
808 3035 892 3116 quod
910 3035 1062 3116 iniquitas
1082 3036 1144 3098 loci
1160 3041 1206 3098 att
1229 3070 1243 3080 -

175 3142 276 3223 lisset,
299 3143 334 3204 id
350 3143 462 3205 virtuti
477 3144 617 3204 hostium
640 3141 828 3224 tribuerent,
853 3141 962 3204 cadem
986 3142 1025 3205 de
1048 3143 1243 3225 profectione

148 3250 331 3332 scogitans,
360 3268 442 3331 quae
471 3254 544 3312 ante
572 3254 726 3331 senserat,
753 3249 896 3331 legiones
924 3268 964 3311 ex
993 3252 1104 3312 castris
1130 3251 1244 3313 eduxit

264 3477 387 3532 blocum
407 3480 566 3546 cepa-anta
602 3477 610 3549 ΗΗ
647 3478 772 3532 &hostes
792 3498 809 3530 α
846 3477 854 3549 Η
892 3479 926 3532 10
945 3478 1053 3546 paulum
1074 3498 1091 3530 α
1128 3477 1135 3549 ΗΗ
1173 3478 1242 3530 mili-

174 3567 215 3619 tes
233 3567 312 3634 paulo
331 3567 419 3619 minus
439 3566 522 3620 ‚Duo
542 3570 605 3620 sunt
623 3567 703 3620 desid.
722 3574 739 3633 β

263 3673 309 3728 52.
331 3676 353 3726 1.
374 3674 390 3726 2
409 3673 522 3727 militum
542 3674 800 3742 cupiditatemquess
836 3673 844 3745 ΗΗ
881 3674 905 3728 2.
926 3675 942 3727 3
961 3674 1122 3727 iudicassent
1140 3692 1162 3725 rr
1189 3672 1197 3743 ΗΗ
1225 3674 1242 3726 4

175 3763 235 3816 dato
253 3762 432 3834 recipiendip
470 3762 477 3834 ΗΗ
515 3765 546 3816 ab
567 3783 584 3814 α
621 3763 628 3833 ΗΗ
666 3763 857 3830 bexpositofl
894 3762 902 3834 ΗΗ
939 3764 1042 3831 6quod
1062 3762 1118 3830 ipso
1142 3762 1241 3828 Vtere,

174 3851 237 3919 quid
256 3852 313 3920 ipse
332 3851 361 3904 X
395 3850 403 3923 ΗΗ
441 3869 502 3905 cum
522 3871 551 3919 a,
571 3852 675 3919 quodss
711 3850 719 3921 ΗΗ
756 3852 944 3919 bacciperetfl
981 3849 988 3921 Η
1026 3853 1216 3918 quantoperep
1234 3850 1243 3923 ΗΗ

175 3941 340 4009 quuosss3
365 3942 471 4009 quoda
513 3940 521 4012 ΗΗ
563 3942 595 3992 12
614 3942 751 4008 tantopere
769 3940 787 4007 f
823 3939 831 4011 ΗΗ
878 3942 911 3992 14
931 3957 978 3994 neo
999 3960 1028 4007 a,
1050 3957 1102 3993 non
1120 3949 1137 4006 β
1178 3940 1185 4011 ΗΗ
1227 3959 1243 3994 a

174 4029 314 4098 Beroald3
332 4031 365 4084 ab
385 4050 415 4098 u,
435 4031 461 4082 in
479 4038 496 4098 β
533 4029 540 4101 ΗΗ
579 4032 611 4084 15
631 4033 657 4083 et
675 4030 863 4083 continentiam
883 4047 934 4082 om.
954 4037 971 4096 β

262 4138 309 4194 53.
330 4138 346 4190 2
365 4138 398 4191 ad
417 4141 567 4191 extremum
586 4137 702 4191 oratione
720 4144 749 4204 p,
768 4139 801 4190 ad
814 4140 961 4190 extremam
974 4138 1119 4191 oratIonem
1133 4158 1164 4203 a,
1184 4155 1242 4192 ora·

173 4226 245 4280 tione
264 4227 313 4281 del.
338 4227 427 4282 Clark.
465 4226 473 4299 ΗΗ
510 4228 639 4280 duirtuti
658 4227 773 4288 hostium
794 4246 823 4294 u,
843 4227 947 4294 hostifi
983 4226 991 4298 ΗΗ
1028 4231 1113 4295 nep
