2886 4666
495 306 602 360 LIBER
620 307 666 360 Vl.
687 306 763 360 CAP.
784 307 901 362 10-13.
1169 292 1228 354 141

165 471 305 553 cipetum
330 470 519 535 obtinerent.
566 490 630 552 qua
652 471 840 534 necessitate
870 470 1025 533 adductus
1049 469 1259 537 Diviciacusn

166 577 279 640 auxilii
306 578 435 660 petendi
464 596 558 642 causa
589 577 724 641 Romam
752 577 793 639 ad
820 583 967 641 senatum
994 577 1155 659 profectus
1183 579 1233 639 in-

123 684 246 751 refecta
272 704 306 748 re
338 678 484 748 redierat
535 684 675 748 adventu
703 682 845 747 Caesaris
872 685 955 748 facta
983 683 1260 750 commutationes

164 810 285 874 rerum,
319 791 487 855 obsidibus
518 790 664 855 Haeduis
695 790 840 872 redditis,
876 790 1039 854 veteribus
1076 790 1239 854 clientelis·

164 899 332 979 rest'tutis,
355 899 448 961 novis
470 918 527 981 per
548 897 715 961 Caesarem
731 899 933 981 comparatis,
958 897 1044 978 quod
1066 898 1101 979 ii,
1126 899 1232 978 quise

165 1004 205 1067 ad
238 1024 349 1068 eorum
382 1005 555 1068 amicitiam
588 1004 850 1088 adgregaverant,
885 1004 1015 1067 meliore
1043 1003 1231 1067 condicione

165 1117 260 1195 atque
292 1113 443 1194 aequiore
474 1113 607 1194 imperio
641 1130 675 1174 sc
703 1112 751 1173 uti
777 1110 942 1192 videbant,
974 1111 1108 1193 reliquis
1136 1111 1232 1174 rebus

121 1239 151 1283 ao
165 1238 276 1282 eorum
301 1220 401 1301 gratia
417 1219 634 1302 dignitateque
651 1217 841 1300 amplificata
860 1215 1002 1299 Sequani
1017 1218 1232 1301 principatum

133 1375 134 1378 ,
166 1326 360 1389 dimiserant.
411 1327 446 1387 in
478 1345 589 1389 eorum
621 1325 727 1388 locum
762 1324 854 1388 Remi
887 1329 1117 1404 successerant3
1152 1344 1260 1407 quosr

167 1432 253 1515 quod
277 1433 455 1513 adaequare
484 1433 569 1515 apud
593 1431 759 1495 Caesarem
788 1432 889 1514 gratia
916 1432 1171 1515 intellegebatur,
1200 1433 1232 1513 ii,

166 1541 223 1621 qui
245 1544 372 1622 propter
394 1545 517 1603 veteres
539 1539 723 1602 inimicitias
750 1538 840 1601 nullo
864 1538 958 1601 modo
988 1558 1061 1601 cum
1088 1539 1232 1602 Haeduis

165 1647 318 1730 coniungi
341 1651 499 1730 poterant,
523 1665 556 1708 se
579 1645 687 1709 Remis
709 1647 744 1707 in
768 1645 949 1708 clientelam
974 1645 1128 1708 dicabant.
1175 1645 1260 1712 hose

121 1773 151 1816 aa
164 1754 212 1815 illi
236 1753 405 1836 diligenter
427 1752 613 1816 tuebantur:
639 1753 684 1815 ita
699 1759 730 1815 et
745 1772 862 1815 novam
878 1757 909 1814 et
924 1757 1052 1835 repente
1069 1753 1232 1816 collectam

166 1861 384 1923 auctoritatem
409 1860 567 1923 tenebant.
614 1877 650 1922 eo
675 1864 781 1922 tamen
805 1864 888 1922 statu
904 1878 954 1922 res
978 1866 1056 1941 erat,
1081 1865 1117 1922 ut
1139 1860 1259 1942 longca

165 1968 324 2049 principes
347 1966 541 2030 haberentur
564 1966 705 2048 Haedui,
734 1966 910 2030 secundum
934 1968 1039 2029 locum
1069 1967 1233 2050 dignitatis

166 2071 257 2136 Remi
281 2073 468 2136 obtinerent.

60 2208 63 2213 ’
139 2203 151 2243 1
254 2180 294 2242 In
323 2182 409 2243 omni
438 2181 541 2244 Gallia
572 2200 683 2244 eorum
715 2181 893 2262 hominum,
928 2182 984 2262 qui
1016 2181 1122 2261 aliquo
1158 2186 1233 2245 sunt
1252 2197 1287 2251 13

166 2306 300 2350 numero
317 2292 411 2369 atque
428 2288 560 2368 honore,
584 2307 701 2370 genera
720 2287 888 2366 suuldus,
914 2308 988 2349 nam
1008 2287 1116 2370 plebes
1131 2307 1232 2370 paene

54 2422 59 2430 ·
166 2413 331 2457 servorum
354 2394 488 2457 habetur
510 2393 593 2472 loco,
619 2413 699 2475 quae
721 2395 803 2457 nihil
819 2394 915 2457 audet
929 2413 986 2477 per
1009 2413 1056 2475 se,
1079 2395 1162 2456 nulli
1178 2395 1232 2457 ad-

165 2500 293 2563 hibetur
309 2502 450 2563 consilio.
489 2501 644 2583 plerique,
669 2520 741 2563 cum
759 2505 814 2563 aut
829 2520 900 2564 aere
917 2501 1020 2563 alieno
1038 2507 1094 2564 aut
1110 2503 1232 2584 magni·
1246 2525 1259 2565 2

136 2607 278 2670 etudine
294 2607 486 2670 tributorum
502 2613 556 2670 aut
578 2609 697 2670 iniuria
712 2609 927 2690 potentiorum
943 2614 1139 2690 premuntur,
1163 2628 1231 2672 sese

166 2714 201 2775 in
234 2715 417 2776 servitutem
447 2715 555 2778 dicant
581 2714 759 2795 nobilibus,
792 2713 940 2799 <quibus>
972 2716 1006 2776 iu
1034 2715 1092 2777 hos
1121 2715 1259 2780 eadema

167 2822 273 2882 onmia
305 2826 380 2885 sunt
409 2823 492 2903 iura,
527 2841 608 2903 quae
636 2822 774 2884 dominis
802 2823 836 2883 in
865 2840 980 2884 servos.
1032 2822 1088 2884 sed
1116 2823 1155 2885 de
1183 2824 1232 2886 his

167 2926 291 2990 duobus
315 2928 486 3011 generibus
511 2928 644 2990 alterum
668 2933 716 2992 est
739 2928 903 3008 druidum,
928 2928 1063 2990 alterum
1078 2931 1231 3010 equitum.

165 3032 214 3095 illi
241 3034 338 3097 rebus
366 3035 483 3098 divinis
512 3037 682 3116 intersunt,
710 3035 864 3098 sacrificia
892 3034 1019 3116 publica
1047 3055 1083 3097 ac
1109 3038 1260 3118 privatae

125 3147 350 3224 roprocurant,
373 3142 544 3224 religiones
567 3143 828 3224 interpretantur,
853 3141 893 3204 ad
917 3160 972 3204 eos
995 3162 1130 3224 magnus
1154 3145 1233 3206 adu·

166 3248 355 3312 lescentium
371 3268 523 3313 numerus
540 3249 725 3331 disciplinae
741 3268 838 3311 causa
853 3251 1026 3330 concurrit,
1050 3269 1232 3334 magnoque

257 3499 298 3549 14.
321 3499 352 3550 15
371 3496 560 3564 inperfectam
581 3516 597 3546 α
630 3496 638 3564 11
673 3497 704 3549 16
724 3496 853 3550 clientelis
872 3497 1007 3550 ueteribus
1020 3504 1037 3564 β
1068 3498 1076 3564 11
1110 3499 1142 3549 17
1162 3498 1231 3550 iicd.

166 3587 193 3651 13
212 3585 240 3637 hi
259 3586 289 3638 X
318 3591 326 3652 11
360 3585 393 3638 18
412 3588 618 3653 aggregarantss
649 3587 658 3654 11
690 3585 725 3639 20
744 3586 871 3654 dignitate
891 3588 953 3653 (om.
969 3588 1031 3654 que)
1050 3594 1079 3653 β;
1099 3603 1129 3639 ac
1148 3587 1232 3654 digni-

164 3677 220 3728 tate
239 3674 300 3726 HM
330 3677 337 3743 11
371 3674 404 3726 22
423 3675 441 3725 ii
460 3675 489 3741 h,
509 3674 612 3743 hiipf3
631 3674 658 3726 hi
672 3693 712 3743 χα
744 3676 752 3744 11
784 3674 818 3727 23
838 3675 883 3743 qui
902 3683 984 3742 cnud
1016 3678 1024 3739 11
1057 3677 1092 3728 24
1111 3675 1233 3728 dicebant

166 3771 221 3832 φαΙι
252 3766 261 3832 11
294 3763 327 3816 26
346 3766 435 3816 tamen
454 3763 539 3830 Paul,
563 3766 621 3816 tum
641 3782 687 3833 “93
710 3779 770 3816 cum
791 3782 813 3814 π
847 3764 855 3830 11
892 3767 967 3817 erant
980 3784 1001 3832 χ
1037 3767 1046 3834 11
1083 3764 1116 3816 27
1137 3764 1232 3816 haedui

167 3852 361 3919 haberenturfl

257 3959 301 4014 13.
323 3962 336 4012 1
358 3960 448 4027 quiin
468 3959 590 4028 aliquod
626 3962 634 4025 11
671 3962 687 4013 3
706 3960 771 4012 nihil
790 3961 870 4013 audet
889 3961 945 4029 (aut
964 3963 991 4014 et
1010 3961 1058 4026 ΑΙ)
1082 3976 1129 4029 per
1152 3977 1181 4014 se
1200 3979 1233 4030 23

166 4048 232 4100 nihil
250 4049 330 4102 habet
347 4065 395 4116 per
413 4065 442 4102 se
461 4068 495 4119 (p,
514 4065 562 4117 per
580 4064 608 4101 se
627 4049 693 4101 nihil
711 4050 825 4115 audetfl
856 4049 864 4117 11
896 4049 1006 4103 nullon
1042 4049 1051 4118 11
1087 4049 1234 4104 400ηοίΗο

164 4138 204 4190 ab
235 4139 244 4206 11
276 4155 336 4192 cum
351 4146 440 4205 aerest
459 4141 522 4206 (om.
542 4140 597 4203 aut)
630 4137 638 4206 11
671 4140 695 4192 5.
715 4139 731 4192 6
750 4138 777 4191 in
796 4138 954 4193 seruitutem
972 4144 1068 4209 semri
1097 4138 1161 4211 1-0,Ι
1191 4139 1235 4195 ui·

167 4227 217 4280 bus
236 4228 297 4280 cdd.
318 4227 396 4281 Dant.
430 4228 438 4296 11
470 4227 640 4282 8druudum
661 4245 683 4279 π
715 4228 724 4297 11
757 4227 791 4282 10
809 4242 856 4281 ece
873 4152 1388 4402 Nepa*
