2886 4666
517 264 626 319 LIBER
643 264 679 319 11.
699 264 775 319 OAP.
796 264 914 318 27-31.
1212 250 1253 310 55

183 447 278 492 muro
301 429 497 507 munierant,
522 433 592 491 tum
606 428 717 511 magni
739 427 890 510 ponderis
914 447 992 492 saxa
1014 431 1047 491 et
1068 431 1254 510 praeacutas

143 559 171 602 ιο
185 537 291 600 trabes
313 537 349 598 in
371 554 463 598 muro
487 535 704 598 conlocabant.
750 535 813 618 ipsi
836 539 928 598 erant
950 554 992 598 ex
1013 533 1151 598 Cimbris
1173 535 1282 599 Teii-4

184 644 333 726 tonisque
356 644 514 725 prognati,
544 643 612 724 qui,
642 661 717 705 cnm
744 642 814 704 iter.
830 643 866 703 in
893 642 1089 724 provinciam
1112 644 1254 704 nostram

184 753 280 832 atque
296 749 421 813 Italiam
435 750 586 830 facerent,
608 751 648 812 iis
663 749 910 831 impedimentis,
934 768 1016 830 quae
1034 767 1145 812 secum
1162 746 1255 831 agere

185 861 369 940 asportare
397 875 461 919 non
488 860 646 939 poterant,
674 857 754 918 citra
781 854 902 918 flumen
924 855 1076 918 Rhenum
1104 855 1255 937 depositis

183 963 363 1027 custodiam
385 983 428 1026 ex
451 964 518 1026 suis
541 983 578 1026 ao
601 962 796 1045 praesidium
817 962 867 1024 VI
888 961 977 1024 milia
1000 963 1166 1024 hominum
1189 980 1255 1023 una

143 1092 170 1135 16
183 1069 386 1152 reliquerant.
432 1068 477 1132 Hi
499 1074 571 1152 post
594 1088 706 1133 eorum
729 1068 853 1132 obitum
875 1069 994 1131 multos
1019 1087 1119 1131 annos
1142 1087 1161 1130 a
1182 1067 1281 1133 fini-s

184 1178 270 1240 timis
294 1176 458 1260 exagitati,
482 1170 657 1240 cum‘alias
681 1175 801 1239 bellum
824 1175 990 1258 inferrent,
1018 1175 1096 1238 alias
1118 1174 1254 1237 inlatum

185 1283 404 1366 defenderent,
437 1302 598 1348 consensu
630 1302 741 1347 eorum
775 1283 919 1345 omnium
950 1300 1028 1365 pace
1058 1283 1141 1345 facta
1167 1282 1254 1344 hunc

156 1413 169 1454 1
184 1390 245 1455 sibi
269 1390 429 1454 domicilio
452 1391 559 1454 looum
584 1389 775 1474 delegerant.
821 1390 870 1453 Ac
886 1390 989 1472 primo
1005 1389 1146 1452 adventu
1162 1407 1253 1452 exer·
1271 1396 1308 1452 30

184 1499 267 1561 citus
290 1499 391 1561 nostri
413 1497 540 1561 crebras
564 1517 606 1561 ex
630 1498 745 1580 oppido
770 1498 976 1561 excursiones
1002 1496 1161 1559 faciebant
1183 1515 1253 1579 par-

184 1605 333 1686 vulisque
361 1605 489 1688 proeliis
517 1625 591 1668 cnm
620 1605 736 1668 nostris
760 1603 1007 1682 contendebant,
1036 1608 1147 1686 postea
1169 1601 1281 1665 vallor

183 1712 302 1794 pedum
325 1711 393 1774 ΧΠ
424 1713 459 1773 in
491 1711 629 1774 circuitu
655 1711 720 1774 XV
742 1711 869 1774 milium
901 1709 1085 1790 crebrisque
1117 1709 1253 1772 castellis

156 1819 421 1882 acircummuniti
450 1819 565 1901 oppido
594 1837 663 1882 sese
691 1817 902 1882 continebant.
954 1816 1012 1880 ubi
1039 1816 1142 1879 vineis
1175 1816 1281 1879 autiss

184 1943 298 2008 aggere
322 1929 465 1989 extructo
489 1926 603 1988 turrim
624 1924 737 2008 procul
761 1924 913 1988 constitui
928 1923 1090 2004 viderunt,
1113 1924 1253 2006 primum

183 2031 324 2096 inridere
352 2051 393 2095 ex
420 2051 513 2095 muro
542 2037 636 2114 atque
664 2032 854 2114 increpitare
882 2031 1028 2111 vocibuS,
1057 2030 1143 2112 quod
1165 2034 1254 2093 tanta

183 2139 374 2203 machinatio
403 2159 423 2201 a
448 2145 535 2202 tanto
568 2140 668 2221 spatio
695 2140 927 2202 institueretur:
963 2137 1155 2218 quibusnam
1187 2152 1281 2198 maa

182 2246 279 2310 nibus
295 2252 349 2310 ant
365 2246 482 2327 quibus
497 2246 622 2309 viribus
637 2247 822 2328 praesertim
837 2245 983 2308 homines
997 2244 1139 2308 tantulae
1155 2248 1252 2306 statu-

143 2372 171 2415 10
184 2372 238 2417 rae
264 2390 304 2399 -
328 2373 403 2415 nam
425 2354 615 2436 plerumque
639 2351 787 2415 omnibus
811 2351 911 2415 Gallis
934 2369 1010 2433 prae
1032 2348 1252 2432 magnitudine

183 2477 351 2542 corporum
373 2479 505 2522 suorum
527 2459 666 2522 brevitas
686 2464 795 2522 nostra
818 2459 1014 2540 contemptui
1036 2462 1084 2521 est
1108 2493 1148 2502 -
1173 2458 1253 2519 tanti

184 2566 290 2630 oneris
314 2567 428 2630 turrim
450 2567 485 2628 in
508 2585 600 2629 muro
617 2585 686 2629 sese
706 2563 828 2650 <posse>
848 2565 1013 2628 conlocare
1034 2562 1251 2627 confiderent?

157 2695 170 2737 1
184 2672 249 2737 Ubi
271 2692 346 2737 vero
362 2674 485 2736 moveri
501 2678 533 2736 et
548 2672 801 2756 adpropinquare
817 2673 920 2734 muris
934 2671 1093 2752 viderunt,
1108 2689 1192 2732 nova
1208 2676 1252 2733 at·
1269 2679 1305 2734 31

185 2799 247 2861 que
261 2780 413 2843 inusitata
427 2780 532 2863 specie
555 2781 705 2843 commoti
728 2780 848 2863 legatos
871 2779 913 2841 ad
929 2778 1096 2842 Caesarem
1120 2777 1158 2840 de
1174 2794 1252 2859 pace
1366 2827 1386 2834 -

183 2887 347 2966 miserunt,
365 2888 421 2969 qui
435 2887 475 2949 ad
491 2888 577 2950 huno
591 2887 724 2950 modum
735 2887 842 2967 locuti,
859 2905 924 2949 non
940 2905 974 2949 se
990 2885 1173 2947 existimare
1183 2880 1279 2947 'Ro-2

184 3012 296 3056 manos
311 2994 380 3057 sine
397 3013 456 3077 ope
472 2992 604 3057 deorum
616 2992 738 3057 bellum
753 3012 872 3076 gerere,
885 2993 940 3074 qui
955 2996 1061 3055 tantae
1077 2990 1251 3054 altitudinis

273 3207 289 3259 9
307 3205 457 3259 munierant
477 3223 507 3272 a,
525 3205 709 3271 munieruntfl
740 3205 749 3273 ΗΗ
782 3205 816 3258 10
833 3203 1006 3257 conlocabant
1022 3221 1052 3270 a,
1072 3201 1251 3270 conlocatae)-

183 3295 245 3346 iunt
262 3300 292 3361 βς
311 3293 506 3361 collocaruntf
533 3295 541 3362 ΗΗ
575 3296 606 3346 11
626 3293 747 3362 prognati
767 3293 846 3360 scald,
871 3293 1036 3361 procreatifl
1068 3292 1076 3360 ΗΗ
1108 3291 1134 3344 in
1154 3310 1185 3357 a;
1204 3307 1252 3359 per

182 3381 245 3449 Bp
276 3384 284 3448 Η
317 3383 351 3436 12
365 3383 407 3436 his
420 3382 475 3450 Ast
506 3383 514 3451 ΗΗ
548 3384 582 3436 14
600 3383 745 3437 custodiam
761 3401 791 3450 a,
811 3382 946 3436 custodiae
958 3381 1019 3448 qu
1050 3382 1059 3450 ΗΗ
1090 3379 1252 3449 praesidium

184 3489 215 3537 a,
233 3472 364 3540 praesidio
382 3471 444 3538 B²p
481 3472 490 3539 ΗΗ
526 3488 580 3525 una
598 3472 648 3525 del.
668 3471 765 3525 Maras
802 3472 810 3539 ΗΗ
847 3473 880 3525 15
898 3470 1061 3539 reliquerant
1078 3470 1117 3522 ed.
1137 3471 1165 3536 13
1188 3467 1250 3522 reli-

183 3563 298 3628 querunt
315 3561 346 3614 X
375 3561 384 3629 ΗΗ
417 3560 450 3613 18
469 3561 622 3630 delegerant
641 3561 745 3630 Stagna,
765 3560 921 3629 delegerunt
940 3560 969 3612 X

271 3650 317 3705 30.
337 3650 355 3702 4
373 3654 406 3718 p.
425 3649 489 3704 XII.
508 3657 536 3718 ῤ;
556 3651 654 3718 pedum
674 3669 692 3701 a
723 3652 732 3720 ΗΗ
763 3649 914 3717 crebrisque
934 3667 962 3715 a,
982 3648 1114 3714 crebrisfi
1146 3648 1154 3715 ΗΗ
1186 3649 1251 3700 566

178 3757 200 3807 χ
230 3739 239 3807 ΗΗ
271 3739 442 3805 iitmremd
473 3741 482 3807 ΗΗ
512 3738 655 3806 aaB²p3
678 3739 711 3792 ab
731 3757 748 3790 a
781 3740 789 3808 ΗΗ
824 3738 1006 3791 institueretur
1024 3744 1051 3804 β;
1075 3736 1252 3788 instrueretur

184 3847 202 3879 a
233 3829 242 3896 ΗΗ
273 3828 431 3882 tlhomines
449 3828 640 3896 praesertimss
675 3828 684 3896 ΗΗ
722 3828 755 3882 10
774 3828 896 3880 omnibus
915 3827 955 3893 X;
974 3825 1124 3880 hominibus
1144 3819 1222 3892 Lips‘.
1243 3823 1250 3895 ΗΗ

184 3917 217 3969 12
235 3920 372 3984 turremss
412 3919 421 3986 ΗΗ
461 3917 489 3969 in
508 3933 584 3969 muro
607 3917 670 3983 Q¹p3
698 3917 725 3968 in
748 3932 837 3969 muros
857 3936 875 3967 a
916 3918 924 3985 ΗΗ
965 3931 1042 3983 posse
1062 3908 1123 3967 add.
1149 3914 1250 3981 (Dici.)

188 4004 312 4059 Waltber

271 4095 317 4150 31.
338 4096 351 4147 1
372 4095 454 4148 muris
471 4103 501 4162 βς
529 4094 666 4148 moenibus
686 4113 703 4145 a
744 4099 753 4161 ΗΗ
794 4096 858 4147 366
877 4111 929 4147 oar.
951 4113 967 4144 α
1009 4094 1017 4161 ΗΗ
1058 4094 1204 4147 idearum
1221 4100 1250 4160 d,

184 4183 310 4238 diuinae
