2886 4666
218 305 247 364 Π
265 267 269 271 Α

220 467 299 523 Bello
316 467 425 523 Gallico
451 469 534 539 plane
561 468 684 539 neglexi;
711 468 760 523 sed
786 468 841 522 alia
867 468 1039 523 instituenda
1064 468 1119 523 fuit
1144 470 1215 525 ratio
1241 471 1271 524 in

222 552 295 608 Belli
312 553 412 608 ciuilis
439 553 651 608 commentariis.
686 553 723 607 In
749 552 890 608 ueteribus
918 553 992 608 enim
1015 554 1185 609 editionibus
1204 556 1271 609 satis

221 637 327 692 multae
344 642 457 692 exstant
475 637 615 705 lectiones,
633 654 704 709 quae
716 654 887 708 quamquam
899 654 934 693 ex
946 637 1142 693 recentioribus
1160 643 1272 693 tantum

219 722 362 777 codicibus
390 722 480 777 adhuc
506 723 633 793 cognitae
659 725 741 789 sunt,
758 726 852 776 tamen
878 728 929 777 aut
954 739 1037 777 uerae
1058 728 1109 777 aut
1125 729 1198 778 certe
1215 740 1272 778 non

220 807 304 878 plane
330 806 482 863 reiciendae
507 807 646 862 uidentur.
685 806 732 860 Ex
748 806 791 860 his
810 823 866 861 non
883 824 986 878 paucas
1004 824 1040 862 ex
1057 809 1177 862 uetustis
1194 808 1272 863 libris

222 908 309 946 manu
326 892 433 962 scriptis
451 891 566 946 fluxisse
583 892 679 947 docuit
695 907 741 946 mc
758 891 858 946 codicis
876 893 1133 947 Ashbumhamiani
1146 897 1174 947 et
1184 892 1274 963 partis

221 976 367 1032 cuiusdam
378 976 562 1047 antiquissimi
575 977 677 1032 codicis
689 976 840 1032 Laurentia
853 978 882 1031 nl
893 978 941 1048 (pl.
951 979 994 1045 68,
1006 978 1032 1047 8)
1040 978 1160 1032 collatio.
1173 978 1273 1048 Itaque

220 1077 413 1132 quaecumque
424 1065 549 1116 ueterum
561 1062 715 1116 editionum
726 1062 856 1117 lectiones
874 1062 904 1116 in
921 1062 1124 1117 commentariis
1141 1062 1177 1117 de
1194 1063 1273 1117 Bello

223 1146 308 1202 Ciuili
334 1162 352 1200 a
377 1145 519 1200 codicibus
541 1163 560 1199 a
578 1147 622 1215 (τ.-
639 1146 710 1214 aflai)
737 1147 923 1216 discrepantes
950 1151 1000 1201 ant
1026 1148 1115 1201 bonae
1132 1155 1182 1202 aut
1199 1153 1274 1202 certe

222 1249 279 1287 non
295 1231 494 1302 improbandae
511 1233 588 1286 uisae
605 1236 685 1299 sunt,
703 1231 812 1286 etiamsi
828 1245 865 1290 ex
882 1231 960 1285 libris
977 1248 1057 1286 mscr.
1077 1232 1180 1301 petitae
1197 1237 1273 1299 sunt,

221 1332 269 1372 eas
286 1332 382 1371 omnes
400 1317 430 1370 in
446 1316 519 1370 hanc
537 1316 664 1370 tabulam
680 1315 850 1385 recipiendas
868 1315 1035 1370 existimaui.
1082 1316 1216 1371 Consulto
1243 1316 1273 1369 in

221 1406 281 1457 toto
308 1417 389 1471 opere
406 1401 488 1456 omisi
505 1401 621 1455 leuiores
648 1399 783 1470 quasdam
809 1416 867 1468 res,
894 1399 974 1456 uelut
1001 1400 1217 1470 discrepantiam
1242 1401 1273 1453 in

221 1487 338 1542 uocibus
356 1490 503 1554 ei—otque,
528 1501 703 1554 nec—neque,
728 1501 807 1539 neu„
815 1501 891 1553 neue,
913 1485 1274 1553 condonasse-consimac-

220 1571 305 1639 m'sse,
321 1570 423 1638 ii-bi,
440 1585 566 1640 quaeque
582 1574 632 1624 aut
643 1569 916 1641 ad'ortbographiam
929 1586 1014 1640 quam
1026 1570 1124 1626 dicunt
1135 1570 1276 1642 pertinent

224 1662 275 1712 aut
291 1656 328 1711 ad
345 1656 494 1711 uerborum
506 1654 731 1709 conlocationem.

291 1741 364 1796 uum
376 1741 500 1814 maxime
513 1738 643 1794 breuitati
652 1745 724 1794 osset
731 1738 910 1807 studendum,
921 1739 1002 1794 certis
1012 1739 1179 1810 quibusdam
1188 1740 1274 1811 signis

224 1827 353 1896 notisque
380 1830 539 1880 constanter
564 1840 633 1877 usus
659 1840 729 1877 snm.
766 1823 918 1878 Stellula
934 1823 1079 1878 hominum
1098 1825 1274 1894 quorundam

222 1910 368 1965 doctorum
374 1909 534 1964 nominibus
547 1907 1114 1980 adpositat*Pcal,*WNitscbe,*PHarrc,
1124 1909 1275 1977 *BKrtbler,

223 1994 332 2062 *Fri9.)
350 1993 482 2060 indicaui,
498 1993 549 2047 hos
566 1993 641 2048 uiros
659 1998 709 2047 ant
719 1998 876 2064 praesentes
888 1998 939 2047 aut
955 2009 1003 2064 per
1020 1993 1127 2048 litteras
1145 2010 1187 2061 ea,
1203 2011 1275 2065 quae

139 2149 143 2155 ι
223 2078 398 2143 adferuntur,
426 2094 535 2132 mecum
561 2077 786 2134 communicasse
811 2079 911 2133 Binis
936 2077 1094 2133 stellulis
1111 2079 1275 2148 significaui,

224 2164 397 2219 coniecturae
431 2168 572 2218 auctorem
607 2162 734 2218 arbitrari
769 2180 855 2218 unam
883 2179 982 2218 uocem
1014 2165 1152 2231 interisse,
1187 2168 1221 2218 ut
1248 2165 1275 2230 3,

224 2249 302 2314 64,1
332 2249 506 2316 ,‚”cohortes
531 2247 677 2314 Factam
703 2248 814 2302 ternis
841 2248 1002 2303 stellulis
1027 2249 1168 2303 indicatur
1193 2249 1303 2319 plura·

225 2332 497 2417 uerbaintercidissp,
515 2338 548 2388 ut
565 2333 667 2400 1‚18,3
685 2349 731 2400 „se
742 2333 956 2388 deiecerunt.”*
983 2333 1079 2387 Attius
1090 2333 1182 2387 Paul“
1200 2333 1275 2388 idem

224 2419 301 2472 ualet
326 2419 400 2489 quod
427 2418 516 2486 „Paul
542 2421 636 2473 censet
661 2417 733 2472 inter
758 2433 841 2473 uoces
867 2417 1075 2473 deiecerunt
1100 2423 1128 2472 et
1151 2418 1274 2473 Attius

142 2557 145 2565 ,
224 2502 307 2573 plura
323 2519 341 2558 a
357 2502 476 2559 librariis
489 2519 547 2557 esse
564 2503 692 2557 omissa“
727 2502 900 2558 Vncorum
917 2503 972 2558 tria
990 2502 1047 2572 (uel
1064 2506 1210 2570 quattuor)
1227 2502 1275 2556 ad-

224 2587 304 2642 hibui
315 2605 426 2659 genera:
440 2588 499 2644 BG.
511 2588 586 2656 11,1
599 2587 711 2658 ,5aliam]
722 2586 838 2642 alteram
847 2588 982 2656 Arinem,
993 2587 1102 2641 Hotm.“
1113 2587 1275 2657 significare,

224 2671 254 2726 in
262 2673 340 2728 libris
349 2678 377 2728 et
385 2673 495 2743 scriptis
504 2676 533 2728 et
540 2671 622 2727 editis
630 2676 739 2727 exstare
751 2673 853 2727 aliam
865 2689 982 2744 eamque
992 2689 1090 2727 uocem
1098 2672 1135 2726 ab
1144 2671 1276 2726 Aimoino

226 2762 255 2812 et
272 2758 418 2813 Hotmano
443 2757 547 2813 mutari
572 2757 602 2811 ln
628 2772 726 2812 uocem
749 2757 909 2825 alteram,
935 2758 986 2811 uix
1006 2756 1139 2826 estquod
1157 2771 1275 2811 comme·

225 2859 343 2911 morem;
355 2875 389 2884 -
402 2844 455 2912 „ab
472 2843 533 2897 aliis
551 2841 679 2919 [quaerit]
690 2841 778 2911 laps,
796 2843 884 2896 Scclft
898 2843 924 2910 (Ι
934 2843 977 2910 18,
985 2842 1014 2910 2)
1030 2843 1167 2911 significat
1183 2844 1213 2895 in
1231 2858 1275 2896 co·

225 2928 332 2984 dicibus
351 2945 412 2984 csse
429 2928 516 2982 uerba
533 2927 574 2981 ab
592 2926 674 2981 aliis
691 2927 846 2997 quaerit,
872 2927 921 2982 sed
947 2926 1066 2981 uerbum
1093 2927 1233 2997 quaerit
1258 2943 1276 2982 a

226 3013 320 3084 Lipsio
337 3019 366 3068 et
384 3013 523 3084 Scaligero
540 3012 638 3081 deleri;
655 3042 687 3052 -
707 3013 784 3084 „<et>
802 3016 867 3067 ante
884 3028 914 3067 se
931 3011 1026 3078 Aram
1043 3016 1106 3066 cett.
1119 3013 1193 3066 cdd.“
1208 3012 1275 3082 (Bc.

226 3099 251 3166 1,
269 3099 311 3165 70,
328 3098 358 3166 3)
378 3097 515 3168 significat
531 3097 698 3168 particulam
715 3101 747 3152 et
763 3097 794 3151 in
810 3097 890 3152 codd.
907 3113 926 3150 a
943 3096 1025 3166 (aflai)
1042 3097 1145 3165 deesse,
1162 3097 1229 3151 addi
1245 3099 1274 3150 in

226 3183 286 3238 cod.
299 3182 388 3237 Asbb.
406 3182 591 3248 etueteribus
608 3181 777 3237 editionibus
794 3183 963 3252 (quattuor);
983 3181 1048 3250 „sed
1066 3181 1210 3253 (illatum)
1228 3182 1275 3237 de·

224 3267 343 3323 fenderit
364 3267 473 3322 (haecf‘
491 3267 569 3335 (144,
578 3267 605 3337 6)
623 3267 760 3338 significat
776 3267 954 3338 participium
980 3265 1122 3321 illatum
1143 3268 1174 3321 in
1195 3267 1274 3322 nullo

225 3352 318 3408 codice
336 3353 542 3422 manuscripto
559 3351 686 3419 inueniri,
707 3352 772 3407 addi
789 3368 807 3407 a
824 3352 983 3419 Oiacconio;
1007 3383 1041 3391 -
1067 3351 1202 3407 lunulis
1219 3352 1275 3422 ple

224 3453 344 3508 rumque
363 3436 465 3492 inclusi
482 3453 529 3492 eas
547 3437 728 3504 coniecturas,
745 3452 814 3506 quas
831 3438 887 3508 ipsi
903 3442 1030 3493 auctores
1042 3436 1203 3492 dubitanter
1214 3454 1276 3508 pro·

224 3528 391 3594 posuerunt,
418 3527 451 3576 ut
467 3522 573 3590 Vbist
593 3523 713 3592 „meque
733 3521 824 3576 enim
847 3523 904 3578 uel
921 3522 1039 3593 paruulo
1061 3521 1193 3588 Oiaec.)“;
1219 3538 1276 3576 non

224 3625 379 3679 numquam
395 3608 425 3662 in
441 3607 476 3661 iis
492 3606 656 3665 lectionibus
668 3622 736 3660 usus
748 3622 812 3660 sum
824 3606 868 3661 his
880 3606 995 3674 lunulis,
1008 3622 1077 3676 quas
1089 3623 1124 3660 ex
1136 3606 1277 3661 deteriori·

224 3693 278 3747 bus
296 3692 437 3748 codicibus
455 3692 587 3746 uidentur
608 3691 734 3746 hausisse
758 3696 864 3745 ueteres
886 3690 1019 3758 editores,
1045 3691 1125 3746 uelut
1147 3691 1274 3757 11124,1

226 3777 505 3848 „tacieinstructa
525 3781 590 3832 cett.
607 3777 704 3846 cdd.)“.
722 3807 756 3816 -
774 3775 804 3831 Si
821 3791 893 3846 quae
909 3774 1064 3830 emendatio
1091 3777 1127 3830 ab
1146 3775 1276 3830 omnibus

226 3861 378 3918 editoribus
396 3868 506 3933 recepta
522 3867 573 3931 est,
601 3878 663 3917 eam
689 3860 785 3916 addito
811 3861 933 3916 auctoris
959 3861 1072 3914 nominc
1098 3859 1188 3930 primo
1214 3860 1276 3914 loco

142 3996 152 4011 ,
226 3945 315 4016 posui,
333 3945 439 4002 subieci
455 3947 583 4002 codicum
606 3947 787 4018 scripturam,
812 3949 846 4000 ut
863 3945 975 4013 (11,o):
1003 3943 1147 4012 „Oceano,
1172 3943 1275 3998 finibus

226 4029 385 4100 Belgarum,
402 4031 517 4102 attingit
534 4032 618 4086 etiam
635 4032 711 4099 Atta
728 4048 864 4088 oceanum
882 4028 986 4085 finibus
997 4028 1143 4099 belgarum
1155 4028 1276 4098 attingit
