2886 4666
457 1122 816 1238 Praefatio,

554 1412 718 1427 *mmmmm

182 1596 366 1652 Continentur
382 1597 435 1651 hoc
451 1596 523 1651 libro
539 1597 685 1652 hominum
702 1597 847 1652 doctomm
864 1598 1045 1664 coniecturae,
1062 1595 1164 1666 quibus

114 1681 238 1737 Caesaris
256 1681 517 1735 commentariorum
533 1683 627 1747 uerba,
651 1683 745 1753 qualia
766 1682 961 1736 uetustissimis
978 1681 1057 1736 libris
1074 1697 1163 1735 manu

113 1766 222 1836 scriptis
233 1765 381 1820 memoriae
392 1770 459 1820 sunt
471 1765 582 1834 tradita,
593 1767 740 1821 emendare
751 1766 843 1821 conati
855 1771 928 1821 sunt.
952 1767 1031 1834 Quas
1042 1770 1076 1820 ut
1086 1765 1164 1820 colli-

68 1893 73 1902 .
114 1866 214 1921 gerem,
226 1849 358 1905 tredecim
370 1866 507 1905 annorum
519 1852 609 1921 spatio
621 1851 685 1921 plus
697 1851 752 1905 tria
763 1850 841 1905 milia
852 1850 1029 1906 uoluminum
1041 1866 1165 1922 perscru-

114 1939 190 1990 tatus
202 1951 278 1988 sum:
296 1934 430 1989 editiones
445 1940 473 1990 et
482 1935 606 1990 Caesaris
620 1940 648 1990 et
657 1936 810 1990 multorum
819 1935 985 2006 scriptorum
994 1936 1165 1992 Graecorum

114 2019 374 2088 Romanorumque,
397 2023 462 2074 acta
483 2019 618 2074 litteraria
635 2021 935 2091 commentationesque
952 2021 1163 2084 academiarum,

114 2103 319 2158 dissertationes
342 2103 534 2174 inaugurales,
557 2103 666 2158 libellos
689 2106 913 2175 gymnasiorum,
935 2105 1062 2174 annales,
1083 2104 1165 2175 ephe-

114 2189 246 2256 merides,
272 2187 460 2256 miscellanea‚
487 2188 627 2258 symbolas
652 2189 813 2258 litterariae,
839 2189 1021 2245 bibliothecas
1048 2190 1166 2257 criticas,

60 2315 64 2323 .
83 2292 93 2313 ·
115 2273 382 2340 animaduersiones,
405 2275 627 2341 obseruationes,
653 2274 793 2341 analecta,
819 2274 968 2344 opuscula,
994 2273 1085 2328 multa
1102 2273 1166 2342 alia,

115 2373 187 2427 quae
204 2358 315 2428 quidem
333 2358 476 2427 usquead
494 2359 600 2412 exitum
619 2359 687 2412 anni
704 2360 771 2414 1891
789 2358 896 2429 publici
903 2358 980 2419 juris
997 2359 1072 2412 facta
1089 2363 1165 2413 sunt.

116 2442 295 2511 Quamquam
312 2458 347 2496 ex
364 2443 490 2498 maxima
500 2444 600 2496 horum
612 2442 748 2498 librorum
761 2443 973 2513 libellorumque
989 2447 1077 2513 parte,
1094 2457 1164 2512 quos

115 2526 223 2598 inspexi
240 2531 268 2581 et
285 2527 427 2595 uolutaui,
454 2533 504 2582 aut
526 2526 636 2581 nullum
654 2533 704 2582 aut
721 2529 873 2583 admodum
891 2528 1025 2598 exiguum
1042 2527 1166 2581 fructum

115 2615 231 2683 percepi.
266 2612 312 2665 Ex
335 2612 475 2666 ueteribus
493 2613 618 2667 Caesaris
636 2614 899 2668 commentariorum
916 2612 1085 2667 editionibus
1102 2611 1166 2666 dili-

116 2702 211 2767 genter
232 2697 338 2752 contuli
363 2696 512 2750 editionem
540 2699 709 2768 principem,
733 2698 868 2752 Aldinam
894 2698 997 2769 (1513),
1024 2696 1165 2751 Parisinus

116 2781 271 2836 Vascosani
288 2785 316 2835 et
332 2781 404 2835 Rob.
424 2780 567 2851 Stephani,
592 2799 627 2837 ex
644 2783 840 2838 recentioribus
853 2783 1020 2850 Schneideri,
1046 2782 1167 2852 Nipper-

116 2865 170 2934 dei,
187 2866 324 2936 Frigellii,
351 2866 493 2934 Dribneri‚
519 2867 629 2922 Dinteri
646 2869 778 2938 priorem,
805 2867 924 2922 Holderi
942 2867 1083 2922 editiones.
1118 2867 1167 2920 In·

116 2952 195 3020 spexi
212 2957 351 3021 praeterea
369 2951 503 3006 editiones
522 2952 659 3020 Beroaldi,
678 2953 760 3008 Pauli
769 2953 900 3020 Manutii,
916 2953 1015 3023 Lipsii,
1033 2951 1167 3022 Scaligeri

117 3035 247 3089 omnibus
264 3037 298 3089 iis
316 3036 392 3104 locis,
411 3036 522 3106 quibus,
539 3052 604 3090 cum
617 3038 750 3092 mendum
769 3054 828 3092 esse
845 3037 975 3092 uideatur
985 3037 1014 3090 in
1026 3037 1166 3092 codicibus

117 3137 203 3174 manu
221 3121 337 3191 scriptis,
361 3122 432 3175 inter
450 3137 479 3175 se
496 3122 654 3192 discrepant
670 3123 796 3177 editores.
815 3122 870 3178 Sed
888 3139 922 3177 ex
939 3121 1046 3192 ingenti
1063 3122 1168 3176 conlec-

118 3210 244 3259 turarum
261 3222 377 3260 numero
395 3222 452 3259 non
470 3207 559 3276 recepi
577 3223 633 3274 eas,
650 3224 722 3277 quae
735 3207 837 3262 idcirco
854 3224 871 3261 a
888 3207 956 3260 uiris
973 3206 1061 3261 doctis
1078 3206 1169 3261 factae

118 3295 193 3358 sunt,
210 3291 285 3361 quod
303 3291 450 3345 meliorum
467 3289 603 3345 librorum
620 3308 708 3345 manu
720 3292 885 3362 scriptorum
896 3291 1043 3346 lectionem
1060 3291 1168 3362 ignora-

118 3375 200 3443 bant,
217 3392 306 3445 nsque
323 3392 383 3442 cas,
409 3391 481 3445 quae
497 3391 609 3444 prorsus
627 3376 764 3431 absurdae
781 3380 856 3431 sunt.
892 3376 981 3446 Saepe
998 3392 1064 3430 sane
1080 3375 1168 3430 haesi·

119 3460 187 3528 taui,
204 3465 299 3514 utrum
319 3476 563 3515 commemorarem
581 3465 669 3514 certas
691 3461 827 3531 quasdam
845 3461 1016 3515 coniecturas
1034 3476 1069 3513 an
1088 3461 1169 3514 silen-

119 3544 159 3598 tio
177 3546 432 3614 praetermitterem.
477 3546 623 3599 Praestare
649 3550 743 3599 tamen
770 3546 864 3599 uisum
886 3550 928 3600 est
946 3562 1030 3615 quam
1047 3545 1170 3599 maxime

120 3643 180 3683 esse
196 3630 225 3683 in
242 3631 295 3685 hac
311 3647 341 3684 re
358 3631 484 3698 facilem,
510 3629 663 3694 liberalem,
682 3630 882 3700 indulgentem.
917 3631 1017 3700 Itaque
1033 3647 1090 3685 non
1108 3645 1169 3684 raro

120 3715 289 3769 mentionem
307 3715 359 3770 feci
377 3717 606 3782 coniecturarum,
623 3731 694 3785 quae
711 3720 805 3785 aperte
820 3715 907 3769 falsae
921 3721 988 3769 sunt
998 3714 1170 3785 longissime·

120 3813 208 3866 quea
226 3816 292 3854 uero
310 3800 473 3868 abhorrent,
488 3801 523 3872 si
551 3805 602 3854 aut
626 3800 752 3870 pluribus
779 3799 939 3853 hominibus
962 3799 1050 3854 doctis
1068 3799 1169 3870 dignae

120 3883 197 3937 uisae
214 3889 281 3939 sunt
298 3885 560 3939 commemoratione
582 3885 732 3939 antiocus
758 3883 817 3951 ille,
844 3900 927 3953 quem
955 3901 1052 3938 sanare
1069 3900 1169 3937 conan-

120 3970 177 4032 tur,
205 3985 317 4038 prorsus
335 3974 378 4023 est
394 3970 564 4039 desperatus.
600 3970 775 4024 Recenticres
797 3968 913 4036 codices,
931 3970 1033 4038 quippe
1050 3970 1099 4038 qui
1116 3969 1170 4021 cri-

120 4052 212 4121 ginem
230 4053 335 4108 ducant
354 4070 449 4108 omnes
467 4070 501 4108 ex
513 4053 722 4122 uetustioribus,
740 4054 788 4124 qui
806 4053 889 4108 etiam
907 4069 983 4107 nunc
1000 4058 1119 4116 exstant,
1137 4053 1168 4106 in
