2886 4666
223 281 264 343 22
623 296 730 351 13an
748 297 890 352 uramur

194 460 270 525 arei
292 458 438 542 publicae
462 478 531 523 esse
555 459 773 523 arbitrabatur.
819 461 974 543 paulatim
993 466 1100 523 autem
1117 459 1292 524 Germanos

222 584 429 630 consuescere
444 565 593 630 Rhenum
607 567 743 631 transire
760 571 791 630 et
814 568 847 629 in
865 566 1000 630 Galliam
1016 587 1166 650 magnam
1182 585 1292 630 eorum

223 673 463 736 multitudinem
485 674 596 736 venire
619 674 737 756 populo
753 673 897 737 Romano
916 674 1131 757 periculosum
1155 673 1291 756 videbat,

193 798 325 862 ineque
349 780 412 843 sibi
435 781 579 844 homines
601 781 685 845 feros
708 800 745 844 ac
764 779 920 844 barbaros
936 786 1166 864 temperaturos
1182 781 1332 846 existi-15

222 886 341 966 mabat,
366 889 457 970 quin,
481 906 555 950 cum
578 906 706 951 omnem
730 886 866 950 Galliam
889 889 1142 971 occupavissent,
1166 893 1203 950 ut
1219 893 1291 950 ante

224 993 346 1058 Cimbri
368 994 567 1076 Teutonique
589 994 749 1076 fecissent,
773 995 808 1056 in
824 995 1023 1076 provinciam
1047 994 1173 1057 exirent
1196 994 1292 1076 atque

221 1101 296 1163 inde
319 1103 353 1162 in
368 1101 493 1164 Italiam
511 1095 741 1164 contenderent
765 1099 976 1183 [praesertim
1001 1121 1075 1164 cum
1090 1099 1255 1182 Sequanos
1274 1121 1293 1162 a

222 1209 387 1292 provincia
406 1213 515 1272 nostra
528 1207 704 1271 Rhodanus
728 1206 909 1290 divideret];
936 1207 1052 1290 quibus
1075 1207 1171 1271 rebus
1196 1228 1292 1290 quam

194 1335 207 1377 a
221 1316 407 1378 maturrime
420 1312 653 1378 occurrendum
665 1314 803 1397 putabat.
827 1316 896 1397 ipse
906 1320 1013 1377 autem
1029 1315 1212 1377 Ariovistus
1223 1320 1291 1377 tan·
1306 1336 1333 1378 20

221 1429 271 1485 tos
286 1421 350 1484 sibi
365 1422 503 1505 spiritus,
519 1427 639 1484 tantam
656 1422 870 1504 arrogantiam
886 1426 1071 1504 sumpserat,
1090 1426 1127 1484 ut
1141 1421 1292 1485 ferendus

167 1540 204 1596 34
222 1549 288 1592 nou
301 1529 471 1593 videretur.
496 1527 599 1603 Quam
615 1528 654 1591 ob
667 1547 736 1591 rem
747 1528 866 1611 placuit
881 1530 918 1609 ei,
936 1533 970 1590 ut
982 1528 1022 1591 ad
1035 1529 1235 1591 Ariovistum
1246 1528 1292 1591 le·
1307 1551 1318 1591 1

221 1641 311 1719 gatos
327 1637 473 1718 mitteret,
490 1635 547 1718 qui
563 1635 601 1697 ab
618 1655 654 1698 eo
666 1636 873 1718 postularent,
889 1636 938 1697 uti
951 1635 1092 1716 aliquem
1107 1635 1214 1697 locum
1227 1654 1291 1698 me-

222 1742 313 1805 dium
329 1743 498 1823 utriusque
511 1742 682 1825 conloquio
696 1742 860 1825 deligeret:
878 1742 960 1805 velle
977 1760 1046 1805 sese
1063 1742 1101 1804 de
1117 1742 1292 1824 republica

194 1868 208 1908 2
222 1854 253 1912 et
268 1850 402 1912 summis
418 1850 585 1930 utriusque
601 1849 698 1912 rebus
714 1868 788 1911 cum
804 1847 848 1912 eo'
858 1867 958 1932 agere.
984 1849 1014 1911 ei
1029 1850 1183 1932 legationi
1197 1850 1291 1912 Ario-

222 1956 323 2018 vistus
346 1956 523 2039 respondit:
553 1957 580 2019 si
605 1957 681 2038 quid
709 1958 770 2040 ipsi
793 1976 812 2018 a
835 1955 969 2021 Caesare
994 1975 1073 2039 opus
1098 1962 1194 2036 esset,
1222 1975 1318 2020 sesea

223 2062 263 2124 ad
286 2082 361 2126 eum
384 2068 557 2126 venturum
580 2063 690 2142 fuisse3
718 2064 840 2144 siquid
858 2064 913 2127 ille
929 2083 963 2127 se
980 2063 1069 2145 velit,
1093 2063 1186 2126 illum
1202 2063 1242 2125 ad
1258 2083 1291 2127 se

194 2171 331 2232 evenire
356 2176 505 2253 oportere.
551 2176 712 2252 praeterea
736 2189 769 2233 se
792 2189 897 2253 neque
921 2171 989 2234 sine
1014 2171 1159 2234 exercitu
1182 2172 1218 2233 in
1239 2189 1291 2233 eas

221 2282 326 2358 partes
364 2276 486 2340 Galliae
523 2279 633 2340 venire
670 2278 800 2359 audere,
839 2298 918 2359 quas
957 2276 1072 2340 Caesar
1108 2277 1291 2359 possideret,

223 2403 328 2466 neque
353 2386 530 2447 exercitum
554 2384 622 2448 sine
645 2404 761 2468 magno
786 2391 966 2448 commeatu
990 2389 1084 2466 atque
1105 2384 1290 2446 molimento

193 2492 255 2552 ain
288 2509 390 2552 unum
421 2491 529 2553 locum
562 2492 747 2555 contrahere
780 2511 880 2574 posse.
939 2492 1001 2554 sibi
1033 2500 1140 2554 autem
1173 2492 1291 2553 mirum
1306 2511 1332 2551 10

224 2598 338 2681 videri,
363 2597 440 2678 quid
463 2598 497 2659 in
522 2618 581 2661 sua
604 2597 719 2680 Gallia,
744 2617 841 2680 quam
865 2597 948 2662 bello
970 2599 1110 2678 vicisset,
1135 2603 1191 2660 aut
1214 2597 1291 2661 (lae-

166 2716 203 2771 35
222 2707 285 2768 sari
324 2710 380 2768 aut
418 2706 548 2767 omnino
587 2705 704 2787 populo
743 2705 887 2768 Romano
926 2706 1047 2787 negotii
1085 2709 1174 2767 esset.
1230 2688 1318 2768 Hisr

222 2814 382 2895 responsis
416 2812 456 2874 ad
489 2812 655 2876 Gaesarem
692 2812 800 2875 relatis
836 2813 955 2874 iterum
992 2811 1032 2873 ad
1069 2831 1143 2875 eum
1176 2811 1292 2875 Caesar

195 2919 343 3000 alegatos
372 2939 446 2980 cum
473 2919 523 2981 his
546 2919 703 2982 mandatis
726 2919 835 2981 mittit:
867 2920 1019 3000 quoniam
1043 2924 1130 2981 tanto
1154 2939 1212 2982 suc
1237 2939 1291 3001 po-

221 3025 353 3107 pulique
376 3025 513 3087 Romani
535 3025 690 3088 beneficio
715 3026 869 3114 adfectus,
894 3043 968 3089 cum
990 3027 1025 3087 in
1048 3024 1216 3087 consulatu
1232 3045 1290 3088 suo

221 3150 280 3194 rex
307 3136 403 3212 atque
436 3133 558 3194 amicus
586 3153 605 3194 a
632 3137 745 3195 senatu
778 3132 954 3215 appellatus
987 3137 1082 3211 esset,
1115 3132 1198 3194 hanc
1230 3131 1318 3194 sibia

224 3239 406 3321 populoque
422 3238 566 3301 Romano
590 3240 724 3321 gratiam
739 3239 883 3320 referret,
906 3244 944 3301 ut
963 3240 997 3301 in
1014 3239 1221 3320 conloquimu
1238 3258 1291 3300 ve-

223 3345 292 3408 nire
316 3345 469 3407 invitatus
493 3354 679 3426 gravaretur
694 3364 798 3427 neque
816 3344 855 3407 de
872 3346 1084 3408 communire
1102 3344 1291 3407 discendum

223 3451 284 3514 sibi
316 3457 348 3514 et
379 3452 638 3534 cognoscendum
672 3456 810 3534 putaret,
844 3451 920 3513 haec
952 3471 1033 3533 esse,
1068 3471 1149 3532 quae
1183 3450 1222 3512 ab
1251 3471 1288 3514 eo

195 3558 409 3640 apostularet:
435 3559 575 3640 primum
598 3578 638 3621 ne
663 3578 759 3640 quam
774 3558 1012 3621 multitudinem
1035 3559 1203 3620 hominum
1226 3579 1291 3620 am-

312 3771 344 3823 m
363 3772 556 3838 temperaturos
569 3786 635 3835 rea,
654 3771 693 3822 ed.
707 3771 733 3836 13
753 3770 982 3836 obtemperaturos
999 3769 1030 3821 X
1063 3769 1071 3840 ll
1110 3770 1150 3824 18.
1168 3770 1200 3823 19
1214 3769 1289 3837 prae·

223 3859 313 3911 sertim
333 3875 394 3911 cunr
413 3899 490 3911 .....
512 3858 642 3911 diuideret
660 3859 708 3912 del.
729 3859 816 3911 Beati.

309 3948 355 4002 34.
369 3948 385 3999 3
399 3947 519 4015 utrisque
537 3947 626 4000 Oiocc.
665 3946 672 4018 ll
710 3947 825 4001 b'uellet
838 3947 898 3998 Hor
932 3947 940 4018 ll
978 3948 1161 4001 bmolimento
1177 3947 1289 4012 Foaraq

223 4035 401 4089 emulomento
422 4037 477 4104 (ael
495 4037 684 4104 emolumento)
704 4037 734 4089 X

309 4125 355 4180 32⁷).
376 4125 392 4176 ‘2
415 4125 505 4178 relatis
533 4126 567 4193 O,
601 4126 691 4192 Vosc.;
719 4126 814 4195 legatis
838 4127 868 4179 X
907 4126 914 4197 ll
955 4128 969 4179 7
995 4127 1150 4179 discendum
1173 4125 1289 4192 Fuerat,

222 4213 363 4266 dicendum
381 4215 411 4267 X
