2886 4666
226 305 288 366 166
500 280 501 284 Ν
624 319 730 372 nunni
749 319 890 372 clinici

223 482 330 565 gebat,
354 483 487 563 veritus,
510 501 552 545 ne
574 487 673 544 noctu
696 501 738 543 ex
761 482 877 564 oppido
901 482 1120 564 profugerent,
1145 481 1224 545 duas
1247 482 1292 544 le-

197 590 334 671 rgiones
357 589 391 649 in
415 589 510 651 armis
535 588 694 651 excubare
722 587 818 651 iubet.
866 586 1069 651 Cenabenses
1093 589 1189 671 paulo
1218 594 1291 652 ante

224 695 363 758 mediam
386 700 512 758 noctem
535 695 663 758 silentio
692 714 734 757 ex
758 695 874 777 oppido
899 697 1019 776 egressi
1041 695 1162 758 fiumen
1190 700 1293 758 trans-

196 803 271 868 sire
295 806 474 884 coeperunt.
522 821 585 883 qua
611 820 646 863 re
674 820 730 884 per
759 801 974 883 exploratores
1001 804 1150 864 nuntiata
1178 801 1293 864 Caesar

223 909 378 991 legiones,
403 928 481 989 quas
505 907 671 990 expeditas
695 927 763 970 esse
786 909 934 990 iusserat,
957 909 1057 990 portis
1080 910 1220 971 incensis
1242 910 1292 971 in·
1307 931 1335 972 ao

223 1017 370 1078 tromittit
394 1023 488 1096 atque
518 1015 633 1098 oppido
656 1016 775 1097 potitur
802 1017 969 1098 perpaucis
998 1035 1039 1078 ex
1066 1017 1206 1078 hostium
1234 1035 1293 1077 nu-

224 1142 311 1186 mero
345 1122 542 1204 desideratis
580 1123 656 1203 quin
690 1122 797 1184 cuncti
831 1126 1031 1203 caperentur,
1071 1122 1155 1203 qnod
1187 1123 1294 1204 pontis

224 1233 320 1310 atque
344 1215 495 1292 itinerum
512 1228 677 1312 angustiae
692 1228 892 1291 multitudini
914 1229 1022 1311 fugam
1038 1228 1293 1291 intercluserunt.

197 1336 376 1418 eoppidum
401 1335 509 1417 diripit
533 1339 628 1415 atque
652 1334 807 1417 incendit,
835 1335 985 1417 praedam
1008 1335 1163 1397 militibus
1187 1335 1293 1418 donat,

226 1443 403 1505 exercitum
425 1441 562 1524 Ligerim
586 1441 725 1503 traducit
748 1446 841 1523 atque
865 1442 899 1503 iu
922 1441 1104 1523 Biturigum
1120 1440 1199 1503 fines
1222 1461 1294 1524 per·
1308 1461 1335 1503 aa

171 1563 206 1616 12
224 1550 321 1612 venit.
366 1548 624 1630 Vercingetorix,
654 1547 710 1610 ubi
734 1548 772 1610 de
796 1546 938 1609 Caesaris
967 1548 1105 1610 adventu
1134 1549 1320 1630 cognovit,1

226 1656 462 1737 oppugnatione
490 1655 612 1717 desistit
639 1660 735 1735 atque
764 1654 889 1716 obviam
917 1653 1045 1717 Caesari
1075 1653 1292 1736 proficiscitur.

198 1761 281 1824 2ille
306 1762 458 1844 oppidum
480 1761 664 1842 Biturigum
687 1762 825 1842 positum
852 1762 887 1822 in
912 1762 964 1823 via
986 1761 1216 1824 Noviodunum
1240 1780 1294 1843 op-

196 1890 212 1930 e
225 1887 369 1951 pugnare
392 1869 579 1930 instituerat.
627 1887 690 1950 quo
719 1887 760 1930 ex
784 1867 898 1950 oppido
927 1887 1001 1930 cum
1028 1868 1124 1950 legati
1153 1869 1192 1930 ad
1220 1887 1294 1931 eum

226 1976 389 2037 venissent
417 1979 554 2055 oratum,
582 1979 618 2036 ut
645 1975 707 2036 sibi
733 1976 911 2056 ignosceret
938 1992 1078 2055 suaeque
1106 1976 1190 2037 vitae
1220 1993 1322 2036 con-5

227 2082 358 2162 suleret,
382 2086 418 2144 ut
441 2080 602 2144 celeritate
624 2081 765 2163 reliquas
781 2100 832 2144 res
848 2080 1032 2163 conficeret,
1057 2101 1121 2162 qua
1142 2081 1294 2163 pleraque

227 2192 294 2253 erat
327 2192 529 2270 consecutus,
564 2208 651 2251 arma
679 2188 828 2268 conferri,
861 2207 959 2268 equos
986 2189 1134 2270 produci,
1168 2188 1295 2251 obsides

196 2294 295 2357 rdari
319 2295 415 2358 iubet.
461 2301 550 2378 parte
572 2297 637 2357 iam
662 2294 809 2357 obsidum
832 2293 960 2374 tradita,
990 2314 1063 2357 curn
1086 2295 1212 2376 reliqua
1240 2294 1295 2356 ad-

227 2403 496 2483 ministrarentur,
520 2402 762 2465 centurionibus
786 2406 818 2464 et
836 2403 946 2483 paucis
962 2401 1118 2464 militibus
1133 2402 1296 2464 intromis-

227 2511 283 2589 sis,
308 2510 362 2589 qui
378 2529 466 2571 arma
482 2509 688 2590 iumentaque
709 2509 947 2588 conquirerent,
971 2509 1132 2589 equitatus
1154 2509 1295 2570 hostiurn
1311 2527 1337 2567 10

226 2616 338 2698 procul
361 2615 450 2678 visus
474 2625 533 2695 est,
558 2616 613 2696 qui
637 2634 752 2696 agmen
774 2615 1047 2697 Vercingetorigis
1075 2619 1294 2678 antecesserat.

199 2741 322 2803 sqnem
348 2723 563 2804 simulatque
588 2722 739 2804 oppidani
763 2726 999 2803 conspexerunt
1026 2726 1121 2802 atque
1148 2723 1184 2782 in
1208 2739 1296 2803 spem

228 2829 340 2891 auxilii
373 2833 542 2909 venerunt,
580 2828 717 2891 clamore
750 2828 873 2890 sublato
907 2847 995 2890 arma
1027 2847 1151 2910 capere,
1189 2832 1295 2909 portas

200 2936 390 3016 eclaudere,
426 2955 553 2997 murum
591 2935 750 3017 complere
787 2939 967 3017 coeperunt.
1023 2936 1225 2998 centuriones
1260 2935 1297 2994 in

229 3041 359 3123 oppid0,
387 3061 461 3103 cmn
489 3061 531 3104 ex
554 3041 785 3124 significatione
814 3040 977 3103 Gallorum
1005 3043 1082 3103 novi
1110 3040 1231 3121 aliquid
1256 3039 1295 3101 ab
1311 3057 1338 3098 15

228 3148 267 3209 iis
291 3148 367 3209 iniri
390 3148 515 3210 consilii
537 3148 783 3229 intellexissent,
807 3148 922 3229 gladiis
942 3148 1099 3210 destrictis
1114 3153 1220 3230 portas
1245 3165 1297 3208 oc·

174 3263 210 3318 13
229 3258 424 3335 cupaverunt
447 3273 585 3335 suosque
612 3274 721 3317 omnes
743 3254 921 3317 incolumes
944 3258 1139 3337 receperunt.
1183 3251 1324 3315 Caesari

230 3379 270 3423 ex
303 3361 414 3422 castris
447 3361 623 3442 equitatum
652 3361 745 3423 educi
778 3360 867 3423 iubet
898 3360 1121 3442 proeliumque
1149 3363 1296 3440 equestre
1375 3341 1377 3344 Α

230 3468 410 3545 committit3
444 3466 662 3530 laborantibus
690 3469 754 3530 iam
783 3469 849 3530 suis
878 3466 1053 3530 Germanos
1079 3468 1203 3547 equites
1237 3467 1297 3528 cir-

319 3698 352 3749 17
372 3695 541 3750 Genabenses
559 3697 590 3749 X
628 3697 636 3765 ll
678 3696 711 3748 19
730 3695 830 3748 caesari
850 3715 866 3747 u
907 3697 916 3764 11
957 3695 991 3747 22
1015 3695 1102 3748 cuncti
1123 3713 1153 3761 11;
1180 3694 1236 3746 uini
1254 3701 1271 3760 β
1289 3693 1297 3764 ll

230 3785 263 3838 23
282 3785 459 3838 multitudinis
479 3804 496 3836 a
528 3787 536 3854 ll
569 3784 753 3837 intercluserat
771 3784 806 3853 ps
832 3784 840 3852 ll
873 3784 907 3838 25
925 3785 1037 3853 ligerem
1057 3804 1074 3835 u

318 3874 363 3928 la.
384 3874 400 3926 2
419 3875 451 3926 ab
470 3874 699 3942 oppugnationed
731 3877 740 3939 Η
772 3873 874 3926 destitit
893 3893 910 3924 a
942 3874 950 3942 ll
983 3873 1162 3941 3Biturigum
1181 3873 1298 3941 positum

229 3963 256 4014 in
275 3963 319 4015 via
337 3963 524 4016 Noviodunum
548 3980 600 4015 om.
615 3982 638 4033 ¹a
675 3964 683 4030 ll
720 3962 867 4016 lconferri
892 3980 921 4028 a,
945 3962 1091 4030 proferrifl
1127 3963 1135 4030 ll
1172 3962 1197 4014 8.
1217 3962 1233 4014 9
1253 3961 1298 4014 ad·

230 4051 447 4118 ministranturss
478 4052 486 4118 ΙΙ
520 4054 551 4103 11
572 4053 803 4115 antecesserantss
839 4052 848 4118 ll
886 4053 919 4104 16
938 4051 980 4104 his
1001 4051 1040 4118 Ss
1071 4057 1080 4119 ll
1117 4049 1220 4104 consilii
1239 4050 1299 4102 iniri

229 4146 247 4206 β
278 4142 287 4208 ll
318 4140 443 4192 districtis
457 4140 544 4209 ngf

320 4229 365 4283 13.
386 4229 401 4280 2
421 4245 472 4296 que
491 4247 544 4281 om.
565 4249 582 4279 a
