2886 4666
207 271 248 332 18
607 285 712 340 auum
731 285 873 340 earnm

206 449 301 511 titant
325 453 355 510 et
377 449 438 530 ipsi
461 453 589 532 propter
612 451 878 532 propinquitatem
904 447 1014 532 [quod]
1046 448 1175 512 Gallicis
1199 455 1274 512 sunt
1289 473 1319 514 ro

177 555 349 618 amoribus
376 554 558 619 adsuefacti.
609 556 666 619 hos
695 576 770 619 cunr
798 555 894 620 Suebi
922 557 1031 619 multis
1059 576 1152 640 saepe
1181 557 1273 620 bellis

205 662 329 744 experti
352 667 480 744 propter
503 661 745 744 amplitudinem
768 664 1018 746 gravitatemque
1041 664 1178 726 civitatis
1201 662 1273 725 fini·

206 769 265 832 bus
290 769 538 850 expellerenon
562 764 756 851 potuissent,
775 776 880 833 tamen
908 770 1078 853 vectigales
1102 769 1163 833 sibi
1190 771 1273 834 fece·

203 881 281 939 runt
304 896 340 939 ao
363 876 464 939 multo
487 876 673 939 humiliores
696 876 951 957 infirmioresque
974 877 1173 959 redegerunt.
1274 856 1276 860 Α

167 999 184 1049 a
293 983 331 1046 In
356 984 467 1047 eadem
490 1002 587 1047 causa
613 982 744 1046 fuerunt
772 981 919 1066 Usipetes
947 989 979 1046 et
1005 984 1164 1064 Tencteri,
1193 1004 1299 1066 quasa

204 1111 300 1174 supra
323 1090 478 1169 diximus,
504 1091 560 1170 qui
584 1089 763 1172 complures
782 1109 883 1152 annos
900 1089 1079 1153 Sueborum
1094 1091 1160 1152 vim
1178 1092 1272 1154 susti-

176 1201 355 1279 anuernnt,
388 1198 428 1260 ad
463 1203 642 1259 extremum
675 1201 782 1259 tamen
818 1197 901 1280 agris
934 1197 1060 1280 expulsi
1097 1201 1127 1260 et
1163 1197 1256 1259 multi

204 1305 281 1368 locis
310 1303 498 1368 Germaniae
527 1304 703 1366 triennium
735 1304 840 1386 vagati
872 1304 913 1366 ad
943 1303 1090 1368 Rhenum
1118 1324 1272 1387 pervene-

203 1416 290 1492 runt,
315 1432 394 1493 quas
417 1412 564 1495 regiones
587 1411 729 1493 Menapii
752 1410 941 1474 incolebant.
987 1411 1021 1489 hi
1044 1411 1084 1473 ad
1102 1416 1302 1493 utramquea

176 1521 304 1601 aripanr
335 1517 477 1581 fluminis
510 1536 614 1601 agros,
648 1517 792 1581 aedificia
824 1519 976 1600 vicosque
1009 1517 1181 1596 habebant;
1216 1519 1272 1581 sed

190 1613 320 1716 'tantae
338 1624 919 1716 hlulfiludeQOTlerriii
956 1644 998 1688 ex
1035 1626 1073 1688 iis
1111 1624 1272 1706 aedificiis

204 1714 286 1813 qliae
310 1739 396 1796 trans
420 1731 541 1795 flumen
565 1730 755 1811 habuerant,
785 1732 1039 1815 demigraverant
1066 1737 1098 1795 et
1121 1733 1166 1794 cis
1189 1732 1271 1795 Rhe-

203 1859 282 1903 num
306 1839 466 1922 dispositis
493 1838 658 1920 praesidiis
688 1837 863 1902 Germanos
890 1839 1025 1902 transire
1053 1839 1271 1921 prohibebant.

176 1947 251 2008 ailli
284 1946 391 2008 omnia
426 1947 562 2028 experti,
600 1965 675 2008 cum
708 1964 815 2027 neque
852 1947 885 2007 ri
917 1945 1109 2009 contendere
1144 1951 1316 2028 propterte

121 2082 123 2086 ⁴
193 2054 344 2135 *inopiam
376 2054 507 2115 navium
541 2072 647 2134 neque
681 2053 762 2115 clam
795 2053 929 2116 transire
957 2058 1084 2135 propter
1112 2052 1271 2115 custodias

204 2159 423 2243 Menapiorum
451 2166 594 2243 possent,
622 2160 738 2222 reverti
766 2178 800 2222 se
827 2162 862 2221 in
889 2178 963 2222 suas
990 2159 1082 2222 sedes
1109 2160 1271 2242 regiones-

176 2286 266 2350 uque
290 2266 522 2330 simulaverunt
550 2272 581 2328 et
603 2267 701 2329 tridui
728 2268 814 2328 viam
840 2268 998 2350 progressi
1027 2285 1138 2329 rursus
1166 2286 1272 2329 rever-

203 2379 311 2438 terunt
337 2379 432 2455 atqua
461 2374 549 2459 omni
577 2375 636 2437 hoc
664 2375 776 2437 itinere
809 2393 875 2436 una
902 2379 995 2437 nocte
1024 2376 1168 2455 equitatu
1196 2393 1271 2436 con-

176 2482 285 2544 afeoto
314 2482 432 2544 inscios
460 2482 726 2563 inopinantesque
754 2481 919 2562 Menapios
948 2485 1186 2563 oppresserunt,
1215 2483 1270 2561 qui
1286 2500 1314 2540 ιε»

204 2588 243 2651 de
268 2589 499 2651 Germanorum
524 2587 667 2650 discessu
694 2606 751 2668 per
774 2587 991 2669 exploratores
1019 2588 1169 2650 certiores
1196 2586 1271 2650 facti

204 2696 272 2758 sine
305 2699 392 2756 metu
425 2698 512 2756 trans
539 2694 688 2757 Rhenum
721 2694 756 2755 in
784 2712 860 2756 snos
893 2695 980 2756 vicos
1012 2695 1269 2777 remigraverant.

177 2803 253 2864 this
281 2801 457 2864 interfectis
490 2801 690 2882 navibusque
719 2819 828 2863 eorum
858 2802 1030 2883 occupatis,
1057 2802 1145 2883 prius
1175 2821 1269 2882 quam

203 2927 239 2971 ea
271 2928 344 2991 pars
371 2909 608 2990 Menapiorum,
623 2942 624 2945 =
642 2927 723 2990 quae
756 2909 835 2970 eitra
861 2907 1012 2971 Rhenum
1044 2913 1123 2988 erat,
1156 2909 1271 2970 certior

202 3014 304 3097 fieret,
338 3014 459 3077 flumen
491 3014 689 3077 transierunt
722 3020 816 3095 atque
848 3014 996 3100 omnibus
1025 3033 1135 3077 eorum
1163 3014 1270 3077 aedifi·
1285 3031 1315 3074 ao

203 3122 261 3183 ciis
295 3122 456 3203 occupatis
488 3120 644 3202 reliquam
671 3127 792 3204 partem
825 3121 938 3183 hiemis
971 3140 1004 3184 se
1032 3139 1142 3183 eorum
1171 3123 1270 3204 copiis

203 3228 358 3291 aluerunt.
813 3211 820 3217 «μ

166 3344 184 3396 5
292 3334 352 3397 His
382 3335 420 3398 de
448 3336 544 3399 rebus
573 3334 687 3399 Caesar
716 3337 832 3399 certior
858 3335 961 3398 factus
994 3341 1026 3398 et
1052 3335 1298 3397 infirmitatemi

203 3443 367 3505 Gallorum
384 3444 518 3524 veritus,
543 3443 629 3524 quod
645 3448 721 3505 sunt
742 3443 777 3504 in
793 3441 934 3517 consiliis
951 3442 1112 3524 capiendis
1134 3441 1270 3504 mobiles

293 3673 326 3726 10
345 3672 415 3740 quod
434 3672 483 3725 dcl.
509 3671 586 3724 Vasa.
624 3669 632 3741 ΗΗ
670 3673 701 3723 11
722 3671 798 3725 suahi
820 3689 849 3742 <²3
873 3670 948 3724 saeui
968 3688 1010 3722 απ
1046 3669 1054 3741 ΗΗ
1092 3671 1126 3723 14
1148 3670 1271 3724 reddide-

201 3766 263 3815 runt
281 3761 443 3815 *HJMuuer

289 3854 317 3906 4.
338 3854 352 3904 1
373 3851 541 3921 tenetheri2;
561 3849 877 3919 tenohtaritp3tethe1ip
913 3847 921 3919 ΗΗ
959 3847 1137 3916 2οοωρ1ω·θε
1155 3855 1183 3915 βς
1208 3865 1269 3901 cum

201 3941 291 4009 plures
311 3960 327 3991 α
364 3939 372 4010 ΗΗ
409 3940 550 3994 sueborum
574 3941 595 4006 l;
624 3955 767 3994 suenorum
786 3938 817 3991 X
850 3936 858 4008 ΗΗ
895 3938 966 3992 5Ηί
987 3945 1015 4004 p,
1040 3940 1066 3990 et
1088 3957 1105 3988 a
1142 3936 1150 4008 ΗΗ
1188 3939 1270 3991 iad-

126 4041 130 4047 ·
201 4036 284 4082 uentu
302 4037 331 4096 β;
350 4029 422 4082 aditu
442 4048 460 4079 a
496 4026 504 4098 ΗΗ
541 4029 573 4080 iis
600 4028 690 4094 Vasa,
714 4029 756 4081 his
774 4028 805 4080 X
839 4025 847 4098 ΗΗ
883 4026 900 4080 8
925 4027 1137 4094 demigrauerant
1159 4026 1271 4092 Morus,

202 4119 416 4186 demigrauerunt
433 4117 464 4169 X
497 4117 505 4187 ΗΗ
544 4119 575 4169 17
596 4117 842 4186 remigraueruntp
878 4114 886 4186 ΗΗ
924 4116 956 4169 19
976 4119 1033 4168 erat
1053 4134 1083 4182 a,
1103 4115 1149 4183 qui
1168 4115 1194 4167 in
1213 4116 1271 4169 suis

201 4208 308 4260 sedibus
327 4208 423 4273 eratnlt
441 4213 458 4272 β
