2886 4666
226 248 265 310 16
409 222 412 229 ⁴
625 263 730 317 annm
749 263 891 317 clamor

196 427 353 496 asinistra
379 427 533 510 impedita
555 428 632 490 satis
656 427 821 490 commode
844 445 985 510 pugnare
1011 431 1169 510 poterant,
1199 427 1289 489 mult'
1347 487 1349 491 ,
1379 451 1381 453 ·

224 523 335 597 ut'diu
357 534 472 597 iactato
488 533 636 596 bracchio
655 538 876 616 praeoptarent
893 539 1021 597 scutum
1035 553 1134 597 manu
1150 535 1292 597 emittere
1307 557 1333 599 10

197 646 255 705 aet
282 641 368 704 nudo
397 658 527 722 corpore
554 658 704 723 pugnare.
751 640 877 702 tandem
906 640 1095 704 vulneribus
1123 640 1238 704 defessi
1261 645 1293 705 et
1355 669 1359 677 ·

222 748 337 830 pedem
358 748 475 811 referre
491 751 536 828 et,
560 747 646 828 qnod
668 766 760 810 mons
784 745 893 810 aberat
916 748 1042 810 circiter
1064 747 1152 811 mille
1170 766 1292 830 passus,

95 857 98 861 ’
196 873 260 919 ceo
289 873 322 917 se
351 855 491 937 recipere
515 859 695 936 coeperunt.
742 838 831 938 capto
859 860 966 918 monte
993 861 1025 918 et
1047 854 1292 918 succedentibus

223 962 339 1024 nostris
361 960 421 1024 Boi
445 966 476 1023 et
494 961 637 1043 Tulingi,
663 961 719 1042 qui
742 961 907 1024 hominnm
930 961 1060 1024 milibus
1084 963 1209 1025 circiter
1227 959 1292 1024 XV

223 1087 337 1150 agmen
364 1068 506 1130 hostium
533 1067 724 1131 claudebant
752 1073 783 1130 et
799 1068 988 1131 novissimis
1011 1068 1169 1151 praesidio
1193 1073 1291 1149 erant,
1306 1090 1332 1132 15

223 1193 264 1237 ex
284 1175 398 1255 itinere
419 1181 543 1237 nostros
563 1173 633 1259 <ab>
653 1174 751 1238 latere
768 1180 874 1257 aperto
892 1174 1034 1258 adgressi
1050 1175 1291 1256 circumvenire,

223 1286 254 1344 et
276 1282 311 1344 id
334 1282 507 1364 conspicati
526 1281 679 1364 Helvetii,
705 1282 761 1363 qui
785 1283 819 1343 in
841 1287 982 1345 montem
1006 1300 1074 1344 sese
1097 1290 1290 1364 receperant,
1363 1360 1365 1364 Ι

195 1409 208 1452 r
222 1407 332 1451 rursus
348 1389 466 1451 instare
483 1392 514 1451 et
530 1387 686 1470 proelium
706 1388 922 1471 redintegrare
939 1393 1120 1471 coeperunt.
1155 1387 1291 1451 Romani

111 1554 112 1557 ,
222 1514 376 1558 conversa
392 1496 482 1578 signa
497 1496 644 1578 bipertito
660 1495 851 1558 intulerunt:
873 1496 974 1578 prima
990 1501 1021 1558 et
1036 1495 1177 1558 secunda
1197 1497 1290 1578 acies,

222 1607 258 1664 ut
280 1602 374 1664 victis
397 1621 434 1664 ao
454 1601 609 1664 submotis
630 1602 802 1681 resisteret,
826 1603 931 1682 tertia,
955 1608 991 1663 ut
1011 1602 1176 1665 venientes
1196 1603 1290 1665 susti-
1305 1624 1331 1666 ao

73 1706 75 1711 ’
168 1719 204 1776 aa
223 1713 320 1771 neret.
353 1707 402 1771 lta
417 1708 548 1791 ancipiti
563 1699 686 1790 proelio
710 1709 765 1771 diu
789 1712 884 1790 atque
908 1709 1022 1771 acriter
1040 1713 1217 1791 pugnatum
1234 1714 1316 1772 esti

129 1800 132 1805 ¹
223 1814 345 1878 diutius
380 1833 453 1877 cum
485 1815 642 1878 sustinere
675 1819 856 1877 nostrorum
888 1816 1024 1899 impetus
1056 1835 1122 1878 non
1153 1821 1289 1899 possent,

222 1922 313 1984 alteri
336 1941 383 2003 sc,
411 1926 448 1984 nt
470 1927 652 2004 coeperant,
680 1922 716 1983 in
738 1926 879 1985 montem
904 1927 1107 2005 receperunt,
1136 1922 1227 1986 alteri
1250 1923 1290 1985 ad

196 2029 449 2112 rimpedimenta
473 2034 504 2091 et
527 2043 633 2091 carros
656 2048 731 2091 suos
749 2048 783 2091 se
803 2029 1013 2092 contulerunt.
1051 2048 1126 2091 nam
1145 2030 1204 2093 hoc
1223 2034 1288 2092 toto

222 2135 355 2218 proelio,
379 2154 453 2197 curn
477 2134 516 2196 ab
540 2135 617 2198 hora
640 2135 774 2217 septima
798 2135 838 2197 ad
857 2155 1025 2220 vesperum
1043 2142 1222 2219 pugnatum
1240 2137 1316 2217 sita

194 2261 369 2305 aaversum
394 2242 516 2305 hostem
539 2241 647 2304 videre
670 2261 764 2304 nemo
788 2244 898 2325 potuit.
944 2243 984 2305 ad
1006 2244 1141 2306 multam
1162 2249 1290 2307 noctem

222 2350 318 2422 etiam
342 2350 382 2412 ad
405 2349 632 2432 impedimenta
655 2354 832 2432 pugnatum
852 2356 912 2431 est,
934 2356 1100 2433 propterea
1124 2352 1209 2431 quod
1232 2371 1288 2433 pro

119 2457 124 2465 ‘
222 2456 306 2543 vallo
339 2475 445 2519 carros
474 2455 655 2518 obiecerant
687 2461 718 2519 et
751 2475 767 2519 e
800 2456 870 2519 loco
903 2458 1066 2538 superiore
1097 2458 1132 2517 in
1163 2463 1288 2520 nostros

222 2564 387 2627 venientes
412 2562 475 2624 tela
493 2561 670 2624 coiciebant
693 2568 724 2625 et
746 2562 912 2624 nonnulli
936 2563 1019 2625 inter
1038 2581 1143 2624 carros
1162 2563 1288 2624 raedas-

146 2727 148 2729 .
223 2688 285 2750 que
312 2661 460 2742 mataras,
473 2689 509 2732 ao
534 2668 674 2751 tragulas
702 2668 903 2731 subiciebant
927 2674 1117 2749 nostrosque
1140 2668 1288 2731 vulnera-
1304 2689 1329 2731 ro

194 2777 305 2839 ebant.
353 2756 409 2858 diu
429 2791 506 2838 ‘cum
531 2764 614 2838 esset
636 2772 827 2858 pugnatum,
855 2772 1089 2858 impedimentis
1113 2775 1288 2857 castrisque

220 2885 320 2946 nostri
343 2884 435 2966 potiti
458 2888 541 2945 sunt.
579 2882 625 2944 ibi
645 2880 839 2965 Orgetorigis
862 2881 929 2943 filia
947 2888 1043 2963 atque
1068 2901 1152 2944 unus
1175 2901 1192 2944 e
1213 2881 1288 2946 filiis

79 3029 82 3037 ·
193 2995 331 3072 acaptus
355 2995 409 3052 est.
448 3008 489 3052 ex
513 3009 549 3052 eo
573 2989 693 3072 proelio
713 2990 839 3052 circiter
861 2988 1141 3051 hominum'milia
1155 2987 1289 3052 ‘CXXX

106 3135 109 3140 ι
220 3095 445 3179 superfuerunt
468 3080 572 3178 eaque
593 3100 657 3158 tota
680 3100 772 3158 nocte
797 3096 997 3158 continenter
1024 3096 1131 3158 ierunt
1155 3094 1288 3180 [nullam

221 3210 341 3285 partem
369 3204 470 3264 noctis
493 3203 607 3264 itinere
631 3200 839 3284 intermisso];
869 3202 904 3263 in
926 3200 1007 3265 fines
1030 3200 1213 3285 Lingonum
1237 3203 1287 3266 die
1303 3225 1328 3266 ro

219 3387 433 3398 ——ss—

311 3521 344 3575 10
354 3525 461 3573 scutum
471 3519 534 3586 Μβ;
554 3522 629 3573 scuto
641 3517 675 3586 B;
689 3521 824 3589 sontaejg
837 3519 912 3572 Paul
939 3519 946 3592 11
977 3521 1009 3573 12
1024 3522 1114 3574 aberat
1127 3521 1287 3588 Prummcr3

220 3611 327 3662 suberat
344 3610 375 3662 X
412 3609 419 3681 11
461 3626 556 3679 passus
576 3610 646 3675 ΗΜ;
675 3625 801 3678 passuum
818 3610 857 3677 X3
886 3611 994 3664 suberat
1012 3611 1207 3665 circitanmilla
1226 3628 1287 3680 pas·
1338 3613 1340 3615 ’

105 3757 107 3763 .
220 3716 300 3751 suum
320 3699 431 3769 <spatio>
452 3699 530 3752 aaut.
572 3698 580 3771 11
622 3701 656 3752 14
676 3699 726 3752 Boi
745 3699 902 3767 Hunorum
931 3700 982 3753 boii
1000 3700 1031 3753 X
1068 3699 1076 3772 11
1119 3702 1151 3754 16
1175 3701 1207 3754 ab
1225 3701 1286 3754 add.

220 3788 282 3840 HM
315 3786 323 3858 11
360 3789 551 3842 circumuenire
570 3788 634 3856 er¹3
654 3789 852 3842 circumuenere
870 3790 929 3842 roll.

308 3912 354 3967 26.
378 3914 394 3967 6
418 3929 542 3966 auersum
562 3912 720 3980 A²B²f²a23
745 3912 892 3967 'aduersum
913 3914 944 3966 X
986 3913 994 3984 11
1040 3915 1119 3969 9.10
1142 3915 1287 3982 raedasque

220 4001 334 4068 Matrem
353 4005 478 4070 rotasque
491 4002 522 4054 X
556 4000 564 4073 11
602 4005 633 4054 11
654 4004 799 4071 castrisque
819 4003 857 4069 X3
877 4003 1011 4071 carrisque
1026 4003 1101 4056 Paul
1136 4001 1144 4074 11
1183 4003 1216 4055 12
1234 4002 1288 4056 filia
1387 4013 1389 4018 ·

215 4089 330 4158 2M²a23
354 4090 423 4143 filior
442 4090 499 4157 M¹3
523 4091 586 4144 filiai
597 4093 631 4159 (P)
650 4092 699 4157 Βῆ
718 4092 786 4144 filiae
805 4091 864 4158 B²p
900 4090 908 4162 11
946 4094 988 4143 14.
1010 4095 1042 4146 15
1066 4092 1167 4145 nullam
1185 4095 1287 4160 partem

220 4180 304 4232 noctis
322 4180 414 4234 itinere
433 4180 582 4234 intermisso
601 4180 641 4247 X;
660 4181 709 4233 del.
729 4181 827 4234 Morus
864 4179 871 4251 Η
910 4183 942 4234 15
962 4181 1117 4249 linguonum
1137 4181 1171 4233 M
1174 4181 1243 4233 ¹B²o
