2886 4666
528 299 636 352 LIBER
654 300 701 354 VI.
721 298 796 354 OnP.
817 300 903 354 5-8.
1186 285 1249 347 137

156 461 326 543 slegiones
345 463 450 526 missu
474 462 616 526 Caesaris
640 467 844 545 cognoscunt.
890 463 1001 545 positis
1017 464 1127 526 castris
1152 483 1170 525 a
1192 464 1251 525 mi·
1264 488 1285 529 a

184 567 269 631 libus
296 588 449 651 passuum
478 568 542 633 XV
571 569 692 632 auxilia
720 569 951 633 Gennanornm
979 575 1145 652 expectare
1176 589 1251 632 con-

184 677 327 738 stituunt.
372 674 533 740 Labienus
556 677 696 739 hostium
711 676 837 759 cognito
854 676 985 739 consilio
1007 696 1138 758 sperans
1153 682 1251 740 teme·
1264 700 1285 742 4-

184 783 275 855 ritate
299 800 410 845 eorum
432 781 500 846 fore
524 782 664 864 aliquam
688 783 861 846 dimicandi
883 783 1066 847 facultatem
1093 784 1251 866 praesidio

183 887 215 950 V
239 889 418 952 cohortium
445 889 681 971 impedimentis
708 889 816 952 relicto
845 908 918 952 cum
941 888 1040 951 XXV
1069 889 1252 953 cohortibus

144 1018 171 1060 10
184 1014 365 1078 magnoque
393 997 537 1078 equitatu
570 1001 679 1059 contra
707 997 830 1059 hostem
856 995 1070 1079 proficiscitur
1103 1001 1134 1060 et
1163 997 1251 1060 mille

184 1121 336 1184 passuum
357 1103 538 1166 intermisso
567 1104 667 1185 spatio
701 1107 803 1166 castra
831 1104 1013 1166 communit.
1070 1108 1137 1166 erat
1168 1104 1286 1168 intera

184 1209 362 1272 Labienum
385 1215 481 1290 atque
503 1209 628 1273 hostem
651 1208 774 1272 difficili
803 1211 938 1273 transitu
960 1209 1082 1272 flumen
1109 1211 1251 1292 ripisque

152 1382 155 1388 ,
185 1309 371 1399 praeruptis.
423 1316 483 1378 hoc
515 1335 620 1399 neque
653 1317 720 1399 ipse
753 1317 887 1380 transire
919 1315 1056 1379 habebat
1081 1317 1116 1378 in
1145 1317 1251 1380 animo

185 1441 290 1504 neque
313 1423 420 1486 hostes
444 1423 633 1486 transituros
657 1422 866 1486 existimabat.
913 1422 1088 1506 augebatur
1115 1423 1252 1485 auxilio-

145 1552 171 1593 15
184 1549 256 1592 rum
281 1530 396 1593 cotidie
421 1549 499 1613 spes.
538 1530 681 1612 loquitur
696 1530 840 1594 consulto
857 1529 975 1613 palam,
999 1531 1151 1612 quoniam
1175 1529 1252 1594 Ger·
1266 1510 1298 1595 c'

185 1638 273 1699 mani
296 1637 551 1720 adpropinquare
576 1637 736 1720 dicantur,
760 1655 829 1701 sese
853 1656 928 1700 suas
944 1638 1166 1719 exercitusque
1189 1637 1252 1699 for-

185 1749 279 1806 tunas
301 1745 336 1805 in
360 1743 495 1806 dubium
518 1764 583 1807 non
609 1743 836 1807 devocaturum
864 1748 896 1807 et
917 1749 1042 1827 postero
1072 1744 1123 1806 die
1150 1745 1253 1827 prima

185 1850 257 1913 luce
280 1855 381 1914 castra
404 1857 574 1914 moturum.
615 1851 760 1915 celeriter
782 1852 860 1914 haec
879 1851 919 1914 ad
934 1851 1040 1914 hostes
1057 1850 1286 1934 deferuntur,r

186 1962 222 2020 ut
245 1976 286 2020 ex
309 1976 426 2041 magno
451 1957 614 2020 Gallorum
640 1959 784 2039 equitum
807 1976 944 2021 numero
967 1978 1034 2021 nou
1057 1958 1163 2021 nullos
1180 1957 1253 2021 Gal·

146 2085 173 2128 ao
186 2064 257 2127 licis
279 2063 375 2126 rebus
397 2064 503 2128 favere
526 2070 641 2127 natura
664 2065 804 2148 cogebat.
850 2063 1011 2127 Labienus
1039 2070 1130 2127 nocte
1153 2064 1287 2130 tribu-a

185 2172 237 2233 nis
259 2171 398 2233 militnm
420 2172 596 2254 primisque
624 2171 791 2234 ordinibus
819 2172 1001 2234 convocatis
1030 2170 1108 2253 quid
1136 2172 1187 2234 sui
1213 2172 1255 2234 sit

187 2278 314 2340 consilii
345 2279 506 2360 proponit,
546 2284 577 2342 et
614 2297 677 2359 quo
710 2279 836 2342 facilius
868 2278 1012 2342 hostibus
1044 2279 1168 2341 timoris
1201 2277 1255 2341 det

187 2385 415 2467 suspicionem,
447 2387 568 2448 maiore
601 2386 734 2468 strepitu
766 2390 796 2448 et
829 2385 982 2466 tumultu,
1016 2403 1112 2465 quam
1144 2385 1255 2468 populi

186 2491 323 2555 Romani
345 2491 406 2554 fert
429 2492 638 2575 consuetudo,
663 2498 765 2556 castra
787 2494 909 2556 moveri
937 2492 1034 2555 iubet.
1080 2492 1131 2554 his
1157 2491 1254 2555 rebus

147 2617 174 2660 25
187 2598 280 2681 fugae
304 2598 440 2661 similem
463 2599 689 2682 profectionem
713 2598 816 2663 efficit.
862 2599 939 2661 haec
964 2618 1091 2681 quoquc
1119 2617 1176 2681 per
1199 2617 1254 2661 ex·
1268 2621 1288 2662 e

187 2705 361 2788 ploratores
385 2710 458 2769 ante
481 2706 587 2769 lucem
609 2707 642 2768 in
660 2711 747 2769 tanta
761 2706 999 2790 propinquitate
1016 2711 1189 2769 castrorum
1214 2704 1254 2766 ad

161 2813 294 2877 ihostes
318 2812 511 2876 deferuntur.
557 2812 624 2875 Vix
652 2833 767 2896 agmen
794 2813 1007 2876 novissimum
1036 2819 1125 2876 extra
1149 2813 1297 2880 muni-8

188 2919 291 2982 tiones
314 2925 523 3002 processerat,
547 2920 729 2983 cumGalli
752 2920 907 2983 cohortati
933 2921 1018 2983 inter
1041 2937 1088 2998 se,
1115 2937 1156 2982 ne
1185 2938 1255 3001 spe-

187 3030 289 3088 ratam
311 3026 461 3108 praedam
486 3045 527 3090 ex
550 3026 699 3090 manibus
716 3027 925 3090 dimitterent:
950 3027 1082 3108 longum
1100 3045 1169 3089 esse
1185 3045 1256 3108 pcr-

188 3133 306 3196 territis
330 3131 482 3196 Romanis
506 3133 737 3196 Germanorum
762 3133 919 3196 auxilium
946 3137 1126 3215 expectare,
1149 3151 1256 3214 neque

161 3258 279 3303 sanam
302 3242 369 3323 pati
393 3239 591 3324 dignitatem,
618 3246 654 3303 ut
677 3240 773 3303 tantis
797 3240 897 3322 copiis
925 3245 990 3302 tam
1015 3240 1165 3322 exiguam
1188 3259 1258 3302 ma-

188 3366 265 3408 num
295 3348 480 3430 praesertim
507 3347 681 3430 fugientem
710 3352 805 3428 atque
832 3346 1017 3430 impeditam
1044 3346 1162 3410 adoriri
1190 3366 1256 3409 non

189 3453 338 3535 audeant,
361 3453 481 3518 flumen
506 3456 640 3518 transire
664 3460 695 3517 et
717 3455 828 3537 iniquo
852 3455 922 3518 loco
944 3455 1142 3518 committere
1165 3472 1255 3536 proe-

188 3561 267 3623 hum
296 3580 361 3623 non
390 3561 545 3624 dubitant.
597 3581 678 3643 quae
710 3562 776 3624 fore
809 3563 987 3644 suspicatus
1015 3560 1188 3641 Labienus,
1219 3564 1290 3624 uta

190 3687 299 3730 omnes
324 3669 401 3730 citra
423 3667 544 3731 flumen
568 3667 710 3757 eliceret,
739 3666 849 3730 eadem
872 3687 950 3730 usus
973 3667 1176 3730 simulatione
1204 3667 1256 3728 iti·

278 3863 303 3915 8.
323 3862 338 3915 9
359 3862 399 3914 .V.
420 3862 568 3915 cohortium
587 3861 751 3929 praesidiofl
774 3863 782 3929 ll
809 3863 841 3914 13
860 3860 1149 3927 inanimohabohatss
1180 3858 1189 3926 ll
1223 3861 1257 3914 15

190 3950 309 4003 consulto
329 3951 445 4018 Hector}
464 3951 491 4003 in
511 3950 619 4003 consilio
637 3950 677 4016 X,
697 3951 746 4003 dcl.
766 3949 842 4003 Paul
874 3950 883 4018 ll
916 3950 949 4003 19
968 3949 1136 4017 equitatusss
1167 3949 1176 4018 ll
1213 3949 1259 4002 19.

190 4039 224 4094 20
243 4039 394 4093 nonnullos
407 4039 490 4108 gallos
504 4038 605 4107 gallicis
624 4059 641 4090 a
679 4037 687 4109 ll
724 4039 759 4092 20
771 4043 848 4092 nocte
871 4038 921 4106 Qfl3
940 4042 1020 4091 noctu
1040 4057 1057 4088 u
1095 4036 1102 4109 ll
1139 4037 1170 4091 21
1193 4053 1260 4091 con-

190 4129 291 4182 uocatis
306 4147 335 4196 c;
354 4129 452 4183 coactis
468 4137 493 4196 d¹
521 4127 529 4199 ll
566 4128 601 4181 sit
619 4129 696 4194 suiss
732 4127 740 4199 ll
778 4128 812 4180 22
831 4129 875 4181 dot
893 4127 1030 4194 timorisfl
1066 4126 1074 4198 ll
1115 4127 1149 4181 25
1168 4126 1263 4181 offecit:

165 4237 207 4268 ,α
244 4215 252 4288 ll
290 4217 331 4270 24.
352 4218 385 4272 25
404 4219 445 4272 his
464 4217 543 4271 rebus
626 4217 708 4270 eflicit
726 4217 775 4270 dal.
795 4217 870 4270 Paul
