2886 4666
242 293 304 353 128
635 304 741 358 BELLI
760 305 902 360 GALLICI

241 488 351 532 omnes
375 474 480 551 partes
500 468 640 530 dimissis
656 468 812 550 explorat,
837 488 899 549 quo
917 466 1170 530 commodissime
1195 468 1308 530 itinere
1383 481 1385 486 '

180 583 223 638 ὅθ
242 575 357 638 vallem
381 576 514 638 transire
539 575 644 657 possit.
690 573 737 636 Eo
762 575 812 636 die
835 574 977 656 parvulis
1001 573 1202 656 equestribus
1218 593 1334 656 proc-1

241 683 292 745 liis
325 683 365 744 ad
398 701 514 763 aquam
546 681 636 744 factis
669 682 800 764 utrique
832 700 901 745 sese
934 700 991 743 suo
1025 681 1093 743 loco
1129 681 1307 743 continent:

213 789 336 870 2Galli,
360 788 445 870 quod
471 788 637 871 ampliores
660 789 779 871 copias,
809 806 890 869 quae
913 788 1057 850 nondum
1086 792 1309 868 convenerant,

210 895 463 978 eexpectabant,
499 893 626 977 Caesar,
659 895 686 957 si
713 895 792 957 forte
820 895 943 957 timoris
970 894 1173 957 simulatione
1203 894 1309 958 hostes

242 1003 275 1064 in
299 1022 395 1065 suum
418 1001 525 1064 locum
549 1001 663 1065 elicere
686 1006 804 1084 posset,
828 1006 863 1064 ut
887 1001 967 1064 citra
989 1000 1106 1064 vallem
1125 1020 1181 1083 pro
1198 1002 1336 1065 castriso

241 1109 360 1191 proelio
385 1109 603 1186 contenderet3
636 1109 663 1170 si
686 1108 719 1171 id
743 1107 867 1171 efficere
896 1127 959 1170 non
989 1113 1107 1190 posset,
1136 1115 1173 1169 ut
1200 1107 1309 1190 explo-

241 1216 319 1278 ratis
351 1215 519 1278 itineribus
553 1217 677 1278 minore
710 1234 783 1277 cum
816 1215 957 1298 periculo
991 1215 1107 1276 vallem
1138 1216 1309 1295 rivumque

211 1324 398 1386 4transiret.
444 1324 547 1405 prima
571 1323 640 1384 luce
664 1322 803 1384 hostium
828 1323 987 1403 equitatus
1011 1322 1052 1383 ad
1068 1326 1170 1384 castra
1189 1321 1310 1384 accedit

210 1429 466 1512 sproeliumque
499 1448 572 1491 cum
605 1429 721 1492 nostris
759 1429 921 1510 equitibus
959 1429 1134 1491 committit.
1195 1427 1310 1491 Caesar

242 1536 387 1599 consulto
421 1537 545 1617 equites
579 1535 690 1600 cedere
722 1553 820 1616 seque
848 1536 883 1598 in
911 1540 1012 1598 castra
1039 1536 1180 1617 recipere
1212 1535 1309 1615 iubet,
1324 1556 1351 1598 ro

241 1643 337 1704 simul
370 1661 412 1704 ex
444 1643 593 1705 omnibus
625 1642 767 1725 partibus
800 1647 901 1705 castra
930 1642 1041 1704 altiore
1073 1642 1157 1704 vallo
1190 1642 1310 1703 muniri

242 1754 412 1830 portasque
436 1749 559 1812 obstrui
582 1754 676 1831 atque
700 1750 734 1811 iu
757 1750 807 1811 his
823 1748 1081 1811 administrandis
1099 1747 1196 1811 rebus
1214 1767 1310 1829 quam

243 1856 384 1918 maxime
408 1856 591 1918 concursari
614 1860 646 1918 et
669 1875 741 1917 cum
766 1856 967 1918 simulatione
992 1856 1042 1937 agi
1066 1856 1188 1917 timoris
1211 1854 1309 1917 iubet.

182 1977 224 2029 51
245 1958 366 2035 Quibus
402 1961 550 2024 omnibus
582 1961 679 2025 rebus
711 1962 816 2025 hostes
847 1962 975 2024 invitati
1003 1962 1108 2044 copias
1139 1961 1336 2024 traducuntr

216 2069 409 2147 aaciemque
432 2068 542 2149 iniquo
565 2068 635 2131 loco
659 2069 870 2149 constituunt,
897 2069 1014 2130 nostris
1041 2087 1117 2130 vero
1147 2070 1242 2131 etiam
1271 2069 1309 2131 de

244 2174 327 2237 vallo
352 2174 497 2238 deductis
520 2176 650 2258 propius
674 2176 830 2238 accedunt
853 2180 883 2237 et
906 2175 968 2238 tela
990 2175 1075 2237 intra
1098 2177 1311 2238 munitionem

212 2304 229 2344 e
245 2300 286 2343 ex
302 2282 451 2345 omnibus
471 2282 611 2365 partibus
630 2283 770 2345 coiciunt
785 2281 1061 2365 praeconibusque
1081 2283 1310 2345 circummissis

243 2389 445 2470 pronuntiari
476 2389 601 2472 iubent,
634 2407 690 2451 seu
720 2390 791 2470 quis
820 2389 929 2451 Gallus
957 2408 1014 2451 seu
1041 2389 1205 2452 Romanus
1233 2391 1337 2452 velita

244 2500 316 2558 ante
340 2496 449 2558 horam
473 2496 599 2558 tertiam
627 2495 666 2556 ad
694 2514 728 2559 se
752 2497 902 2577 transire,
930 2497 999 2559 sine
1028 2496 1170 2578 periculo
1199 2496 1308 2575 licere,

211 2607 314 2684 apost
336 2603 368 2664 id
392 2607 515 2684 tempus
539 2621 603 2664 non
626 2602 693 2664 fore
715 2607 910 2684 potestatem.
957 2623 994 2665 ac
1017 2604 1062 2665 sic
1085 2608 1211 2665 nostros
1235 2622 1311 2665 con·

243 2715 451 2791 tempserunt,
476 2714 511 2772 ut
535 2709 706 2772 obstructis
729 2710 764 2771 in
787 2711 923 2791 speciem
945 2710 1044 2791 portis
1068 2710 1203 2792 singulis
1228 2711 1310 2772 ordi-

243 2815 339 2878 nibus
363 2817 552 2897 caespitum,
577 2815 662 2896 quod
688 2834 724 2878 ea
748 2808 811 2878 non
840 2835 932 2898 posse
960 2818 1194 2898 introrumpere
1223 2817 1310 2879 vide-

243 2922 373 3003 bantur,
402 2922 456 2983 alii
480 2922 601 2984 vallum
629 2941 727 2984 manu
755 2921 913 3003 scindere,
941 2923 997 2985 alii
1024 2922 1124 2985 fossas
1153 2916 1351 3005 complerem

213 3029 430 3111 cinciperent.
481 3034 550 3091 tum
579 3027 694 3091 Caesar
722 3029 872 3091 omnibus
900 3030 998 3112 portis
1031 3030 1196 3111 eruptione
1229 3030 1310 3092 facta

243 3137 453 3216 equitatuque
478 3136 592 3198 emisso
616 3135 763 3198 celeriter
786 3135 892 3199 hostes
915 3137 948 3196 in
971 3135 1080 3216 fugam
1104 3136 1169 3217 dat,
1194 3137 1239 3198 sic
1263 3137 1311 3198 uti

244 3242 374 3304 omnino
398 3241 563 3324 pugnandi
591 3260 687 3304 causa
708 3243 868 3305 resisteret
890 3261 996 3324 nemo,
1024 3262 1240 3325 magnumque
1270 3262 1311 3305 ex

243 3349 282 3410 iis
305 3367 477 3411 numerum
501 3347 617 3410 oceidit
640 3353 734 3429 atque
759 3366 869 3410 omnes
893 3350 988 3411 amris
1012 3351 1109 3411 exuit.

182 3466 224 3520 52
333 3454 473 3538 Longius
496 3456 647 3537 prosequi
667 3455 799 3535 veritus,
825 3454 910 3536 quod
929 3455 1028 3518 silvae
1046 3456 1242 3539 paludesque
1261 3458 1336 3517 ini

244 3561 448 3625 tercedebant
463 3561 579 3646 [neque
599 3563 694 3625 etiarn
708 3561 842 3644 parvulo
859 3562 1046 3626 detrimento
1061 3563 1188 3625 illorum
1204 3563 1310 3624 locum

334 3738 365 3788 21
387 3738 633 3804 οοηιῐηοῶεείωοβ
665 3738 673 3805 11
706 3737 740 3789 22
758 3736 841 3790 ualles
861 3737 949 3806 (uallis
969 3737 1000 3804 S)
1021 3758 1038 3789 u
1070 3740 1079 3804 11
1111 3740 1235 3806 possetp

333 3827 378 3880 50.
399 3826 414 3878 2
433 3816 492 3880 sese
512 3845 541 3893 τις
561 3842 589 3879 se
608 3827 670 3892 11111
699 3826 707 3894 11
739 3827 917 3893 dedicere«,
936 3827 1028 3893 fierip
1059 3829 1068 3896 11
1101 3828 1311 3880 immoremini

244 3933 274 3982 a,
294 3915 395 3968 minore
415 3934 448 3981 ⁷13
468 3932 484 3968 a
502 3915 636 3984 minoren
668 3915 676 3983 11
710 3917 741 3967 11
762 3916 900 3981 munirepl
932 3917 940 3984 11
975 3916 1007 3968 13
1027 3916 1100 3968 iubet
1119 3916 1168 3968 del.
1189 3917 1279 3969 *Porri

332 4005 378 4058 51.
398 4004 414 4056 2
434 4005 466 4057 de
486 4011 584 4070 u3ep
619 4003 628 4071 11
665 4005 748 4056 5seu
767 4005 826 4072 quis
845 4019 969 4057 romanus
988 4011 1005 4070 β
1037 4007 1045 4072 11
1077 4006 1157 4057 beas
1178 4025 1194 4055 u
1232 4008 1239 4075 11
1278 4005 1310 4057 12

240 4094 289 4147 dat
307 4095 398 4147 hostes
417 4095 444 4145 in
463 4093 587 4162 fugatur]
618 4094 627 4163 11
660 4096 723 4160 11111
754 4095 762 4161 11
796 4095 830 4145 14
847 4093 880 4146 iis
901 4092 937 4160 A3
958 4093 995 4146 eis
1016 4111 1050 4162 qq
1070 4092 1111 4144 his
1135 4093 1174 4159 Op

332 4182 378 4236 52.
399 4184 411 4234 1
426 4182 549 4251 prosequi
563 4180 658 4250 noluit,
672 4182 801 4249 uerituspi
823 4188 832 4249 11
856 4183 871 4235 2
884 4181 961 4235 illuni
975 4181 1054 4248 SM²;
1068 4181 1153 4234 ullum
1168 4183 1310 4249 Leirnbr'o.;

238 4287 353 4324 suorum
372 4270 467 4324 naria.
500 4271 508 4338 11
540 4271 627 4324 locum
648 4279 728 4338 eosq
