2886 4666
569 289 677 343 LIBER
694 290 768 344 VHl.
789 290 865 344 011³.
886 293 967 346 7-9.
1236 280 1303 341 223

233 450 352 535 gularis
375 451 462 514 enim
485 452 612 515 virtutis
632 455 816 516 veterrimas
839 454 982 537 legiones
997 455 1079 537 VII,
1092 455 1181 537 VIII,
1194 457 1302 520 VIHI.

231 556 379 638 habebat,
406 577 550 623 summae
579 561 646 643 spei
675 561 879 642 delectaeque
907 562 1085 625 iuventutis
1112 563 1184 645 XL,
1218 583 1300 646 quae

232 668 343 728 octavo
367 664 432 728 iam
448 665 604 748 stipendio
622 671 727 730 tamen
750 668 787 729 in
803 668 982 731 conlatione
1002 669 1199 752 reliquarum
1220 689 1301 733 non-

232 771 311 834 dum
343 771 476 835 eandem
508 775 674 836 vetustatis
712 793 748 837 ao
781 775 908 837 virtutis
945 780 1071 859 ceperat
1105 777 1298 858 opinionem.

191 880 339 961 roitaque
371 879 503 942 consilio
537 879 688 943 advocato
721 881 817 944 rebus
848 882 903 964 iis,
939 901 1019 964 quae
1053 882 1094 945 ad
1126 901 1159 945 se
1192 889 1329 949 essenis

231 985 367 1068 delatae,
391 985 539 1049 omnibus
563 987 717 1070 expositis
741 988 866 1050 animos
889 988 1104 1051 multitudinis
1124 989 1297 1054 confirmat.

231 1093 258 1157 si
279 1093 360 1156 forte
383 1093 489 1157 hostes
517 1095 614 1156 trium
636 1094 802 1178 legionum
830 1114 962 1158 numero
986 1101 1093 1178 posset
1120 1096 1233 1160 elicere
1258 1097 1297 1159 ad

231 1199 461 1284 dimicandum,
490 1200 626 1284 agminis
650 1202 796 1266 ordinem
823 1203 868 1264 ita
891 1203 1068 1284 constituit,
1097 1207 1133 1266 ut
1155 1204 1299 1287 legiones

229 1305 310 1390 VII,
333 1306 433 1389 VIII,
456 1308 561 1372 VIIII.
585 1314 658 1372 ante
682 1310 789 1371 omnia
811 1310 895 1373 irent
916 1309 1156 1393 impedimenta,
1182 1310 1299 1374 deinde

189 1415 374 1478 nomnium
401 1414 703 1498 impedimentorum
732 1434 858 1499 agmen,
888 1415 974 1499 quod
1001 1421 1108 1480 temeri
1136 1422 1203 1481 erat
1230 1436 1298 1481 me·

230 1520 349 1604 diocre,
376 1525 412 1584 ut
436 1521 470 1584 in
494 1521 753 1605 expeditionibus
782 1540 850 1585 esse
874 1525 1051 1604 consuevit,
1080 1529 1205 1607 cogeret
1227 1523 1297 1606 XL,

229 1645 270 1691 ne
293 1628 422 1692 maioris
449 1628 666 1692 multitudinis
694 1630 814 1712 species
842 1631 984 1693 accidere
1012 1629 1157 1693 hostibus
1182 1636 1296 1713 posset,

230 1753 326 1816 quam
357 1735 420 1818 ipsi
451 1734 716 1820 depoposcissent.
763 1737 822 1799 hac
853 1737 975 1799 ratione
1006 1755 1108 1821 paene
1141 1737 1326 1819 quadratoa

229 1840 356 1925 agmine
379 1842 536 1905 instructo
559 1844 595 1904 in
611 1848 817 1925 conspectum
832 1843 972 1906 hostium
992 1844 1127 1907 celerius
1144 1845 1294 1927 opinione

202 1967 339 2012 reorum
363 1951 540 2013 exereitum
563 1948 701 2013 adducit.
749 1948 829 2013 Cum
852 1955 982 2034 repente
1010 1953 1181 2014 instructas
1206 1951 1336 2020 veluti)

228 2056 263 2117 in
285 2057 353 2119 acie
377 2061 462 2120 certo
482 2056 583 2140 gradu
606 2057 748 2140 legiones
769 2057 918 2120 accedere
935 2057 1018 2121 Galli
1034 2058 1192 2139 viderent,
1216 2078 1295 2141 quo·

227 2182 299 2225 rum
327 2167 418 2225 erant
450 2164 490 2225 ad
518 2162 682 2227 Caesarem
714 2163 808 2246 plena
839 2162 976 2226 fiduciae
1005 2164 1139 2226 consilia
1166 2165 1296 2247 perlata,

228 2269 296 2332 sive
319 2271 500 2333 certaminis
522 2270 664 2352 periculo
694 2270 760 2333 sive
789 2268 894 2332 subito
923 2269 1061 2333 adventu
1089 2270 1156 2333 sive
1180 2289 1294 2352 expec-

200 2377 345 2439 otatione
368 2377 470 2439 nostri
493 2376 614 2439 consilii
632 2378 738 2459 copias
753 2377 917 2438 instruunt
938 2396 994 2459 pro
1012 2377 1122 2439 castris
1146 2396 1205 2440 neo
1223 2376 1293 2439 loco

227 2483 389 2566 superiore
406 2483 573 2548 decedunt.
609 2482 736 2564 Caesar,
753 2485 811 2546 etsi
828 2483 980 2546 dimicare
997 2487 1171 2565 optaverat,
1186 2488 1326 2547 tamena

227 2588 400 2654 admiratus
427 2595 548 2653 tantam
575 2590 812 2654 multitudinem
841 2591 980 2653 hostium
1004 2590 1086 2653 valle
1112 2591 1293 2654 intermissa

226 2697 328 2781 magis
355 2698 392 2760 in
420 2698 620 2760 altitudinem
649 2699 798 2781 depressa
827 2718 922 2779 quam
950 2697 1012 2761 late
1035 2702 1162 2780 patente
1190 2702 1293 2760 castra

226 2805 337 2868 castris
364 2805 504 2867 hostium
532 2804 660 2868 confert.
708 2806 785 2868 haec
811 2806 947 2888 imperat
975 2804 1056 2866 vallo
1085 2803 1202 2887 pedum
1224 2803 1292 2867 XII
1305 2827 1324 2866 a

186 2925 212 2968 10
225 2911 361 2993 muniri,
393 2911 561 2974 loriculam
588 2931 646 2994 pro
676 2910 757 2994 [hac]
786 2912 908 2975 ratione
942 2911 1011 2974 eius
1040 2909 1216 2973 altitudinis
1244 2913 1293 2972 in-

225 3016 399 3099 aedificari,
421 3018 539 3081 fossam
563 3018 722 3101 duplicem
744 3018 861 3101 pedum
886 3017 1022 3098 quinum
1046 3016 1293 3080 denuntiaren-

225 3123 285 3187 bus
302 3124 437 3207 deprimi
454 3124 603 3206 derectis,
627 3131 728 3187 turres
744 3126 879 3188 excitari
895 3123 1022 3187 crebras
1038 3124 1074 3186 in
1090 3124 1292 3187 altitudinem

224 3233 320 3294 trium
348 3232 576 3314 tabulatorum,
608 3231 758 3314 pontibus
786 3232 924 3294 traiectis
956 3231 1189 3314 constratisque
1217 3250 1292 3294 con-

222 3338 327 3420 iungi,
361 3358 497 3420 quorum
529 3339 647 3402 frontes
674 3339 812 3402 viminea
845 3338 979 3402 loricula
1008 3339 1223 3420 munirentur,
1256 3344 1323 3401 uta

313 3515 535 3584 lelectaequess
567 3515 575 3583 ΙΙ
606 3514 694 3569 Siam
713 3521 802 3582 orep
832 3514 841 3583 [1
873 3511 1003 3582 stipendio
1022 3515 1113 3568 funeta
1125 3518 1215 3568 tamen
1227 3529 1291 3566 eon·

221 3603 386 3672 locationess
418 3604 426 3673 ll
459 3605 492 3658 13
511 3604 629 3672 legiones
648 3603 740 3672 Friq.;
759 3603 827 3672 legio
846 3603 877 3656 X
905 3604 914 3671 ll
947 3603 981 3656 14
1000 3603 1061 3656 VII.
1080 3609 1170 3669 obad
1201 3603 1209 3672 ΙΙ
1240 3602 1294 3656 iret

223 3712 241 3745 a
273 3693 281 3761 ll
314 3693 348 3746 18
366 3709 449 3762 paene
468 3700 557 3760 anast
587 3692 596 3761 ll
629 3693 662 3746 19
681 3694 859 3760 conspeetuss

310 3781 776 3850 9.10uma;ouas1egionesa
806 3781 815 3849 ll
848 3778 999 3849 2legiones
1013 3787 1097 3848 carad
1127 3781 1136 3848 ll
1167 3780 1294 3835 uiderent

221 3873 260 3925 ed.
274 3872 343 3939 iac,
362 3872 488 3926 uiderunt
502 3890 532 3939 a,
552 3888 613 3925 cum
632 3871 783 3936 uiderentfl
805 3870 813 3938 ll
837 3870 853 3923 3
871 3869 969 3924 fidncia
986 3877 1004 3938 β
1025 3871 1034 3939 ll
1058 3870 1075 3922 4
1093 3869 1150 3924 siue
1164 3886 1224 3939 exp.
1234 3868 1294 3939 Am

222 3976 375 4030 seuexp.a
398 3963 406 4030 ll
431 3962 464 4016 10
476 3961 580 4014 munire
599 3959 636 4027 af
653 3960 661 4028 ll
684 3961 733 4014 hac
752 3959 801 4012 dal.
820 3959 899 4028 Ia‘ps.
923 3958 1292 4028 119-11ped.XlI.mu·

222 4049 283 4119 niri,
303 4051 406 4104 coronis
425 4049 617 4116 inaedificarie
653 4050 662 4118 ll
699 4050 731 4101 11
752 4049 849 4102 denum
873 4048 984 4117 quinum
1008 4067 1026 4100 a
1061 4048 1070 4117 ΙΙ
1108 4047 1291 4113 11.121ata·¹
1328 4050 1331 4055 '

221 4137 293 4192 ribus
318 4139 430 4193 derectis
453 4138 620 4208 deprimitur,
648 4153 691 4192 res
715 4138 820 4192 crebras
839 4136 984 4205 excitarifl
1024 4136 1033 4206 [l
1075 4137 1110 4191 14
1126 4134 1238 4193 loricula
1268 4192 1278 4205 ,,

221 4225 336 4282 loricula
353 4229 393 4296 X3
411 4228 496 4282 lurica
513 4227 532 4281 b
1157 4233 1163 4245 '
1189 4240 1196 4247 ·
