2886 4666
260 281 325 342 244
660 293 765 348 BELLI
784 293 926 349 GALLICI

259 458 462 540 pertinaciter
477 456 662 520 resisterent
677 457 839 539 oppidani,
862 477 980 540 magna
995 458 1090 521 etiam
1105 465 1194 540 parte
1210 461 1328 523 amissa

259 564 312 626 siti
327 582 458 627 suorum
480 564 516 625 in
531 565 688 627 sententia
703 570 937 647 permanerent,
961 565 1002 627 ad
1024 570 1219 647 postremum
1235 569 1369 632 cuni-10

231 670 340 736 aculis
356 689 456 734 venae
478 671 574 733 fontis
593 671 762 734 intercisae
782 675 858 733 sunt
876 675 972 753 atque
988 691 1124 735 aversae.
1165 692 1227 754 quo
1243 673 1325 736 facto

239 782 388 860 repente
408 777 558 859 perennis
582 778 708 841 exaruit
728 777 800 840 fons
823 782 1006 859 tantamque
1030 777 1137 841 attulit
1161 777 1327 861 oppidanis

258 883 368 947 salutis
392 883 722 967 desperationem,ut
748 883 782 946 id
809 904 876 947 non
899 885 1066 947 hominum
1094 885 1242 966 consilio,
1270 887 1327 951 sed

258 989 392 1053 deorum
416 991 577 1055 voluntate
604 991 722 1053 factum
745 995 900 1073 putarent.
945 993 1055 1072 itaque
1079 1011 1112 1054 se
1136 994 1325 1056 necessitate

202 1113 239 1166 44
258 1098 358 1160 coacti
382 1096 590 1160 tradiderunt.
630 1095 757 1181 Caesar,
780 1117 855 1160 cum
873 1117 965 1160 suam
982 1097 1146 1161 lenitatem
1165 1101 1352 1182 cognitamr

258 1203 406 1266 omnibns
429 1204 526 1266 sciret
543 1222 649 1285 neque
664 1210 842 1286 vereretur,
864 1223 906 1268 ne
930 1204 1007 1285 quid
1027 1205 1213 1269 crudelitate
1231 1211 1325 1268 natu-

256 1329 311 1373 rae
333 1309 497 1373 videretur
520 1310 662 1392 asperius
683 1311 809 1391 fecisse,
837 1330 944 1394 neque
972 1312 1095 1374 exitum
1119 1313 1326 1375 consiliorum

255 1436 388 1480 snorum
417 1417 696 1498 animadverteret,
729 1418 754 1480 si
783 1417 840 1479 tali
866 1420 990 1481 ratione
1018 1418 1152 1482 diversis
1184 1420 1218 1481 in
1246 1419 1325 1482 locis

256 1523 364 1607 plnres
398 1525 532 1587 consilia
565 1525 713 1605 inissent,
751 1523 898 1607 exemplo
936 1524 1085 1607 supplicii
1121 1524 1352 1590 deterrendoss

256 1630 398 1712 reliquos
421 1632 623 1694 existimavit.
669 1632 778 1714 itaque
802 1631 964 1714 omnibns,
989 1632 1044 1712 qni
1068 1651 1155 1693 arma
1178 1631 1324 1714 tulerant,

256 1756 371 1800 manus
398 1737 553 1821 praecidit
579 1740 742 1819 vitamque
771 1739 939 1819 concessit,
975 1757 1037 1819 quo
1071 1739 1215 1801 testatior
1242 1744 1325 1802 esset

119 1907 120 1910 ,
230 1833 359 1925 apoena
381 1844 607 1926 improborum.
646 1842 800 1928 Drappes,
826 1862 920 1925 quem
946 1849 1073 1926 captum
1097 1863 1165 1908 esse
1189 1865 1208 1906 a
1232 1844 1326 1907 Oani-

256 1951 311 2011 nio
328 1949 436 2031 docui,
452 1951 519 2013 sive
534 1951 724 2034 indignitate
740 1956 771 2014 et
787 1950 894 2015 dolore
910 1951 1112 2013 vinculorum
1128 1951 1195 2014 sive
1211 1952 1325 2014 timore

232 2069 233 2074 ’
256 2055 411 2138 gravioris
440 2057 589 2140 supplicii
617 2059 726 2141 paucis
755 2057 868 2120 diebus
896 2057 967 2120 cibo
992 2076 1025 2120 se
1049 2057 1205 2120 abstinuit
1228 2064 1367 2139 atquem

228 2163 301 2226 sita
326 2163 454 2226 interiit.
501 2164 614 2228 eodem
641 2170 783 2247 tempore
810 2163 991 2247 Lucterius,
1025 2183 1120 2246 quem
1147 2165 1324 2247 profugisse

179 2271 184 2280 ’
255 2288 300 2332 ex
321 2271 442 2353 proelio
466 2272 590 2354 scripsi,
618 2291 692 2334 cum
719 2273 754 2334 in
781 2275 968 2354 potestatem
991 2273 1131 2334 venisset
1152 2271 1324 2353 Epasnacti

254 2376 407 2460 Arverni,
437 2414 478 2423 —
503 2378 613 2442 crebro
642 2379 729 2442 enim
755 2378 918 2440 mutandis
945 2378 1024 2440 locis
1051 2377 1226 2440 multorum
1248 2376 1324 2440 fidei

230 2507 232 2512 ·
255 2503 290 2547 se
309 2485 536 2568 committebat,
561 2485 647 2566 quod
669 2504 829 2566 nusquam
849 2484 971 2547 diutius
990 2485 1059 2546 sine
1076 2484 1218 2567 periculo
1238 2503 1324 2546 oom-

255 2591 641 2674 moratnrusvidebatur,
666 2611 739 2654 cum
763 2591 825 2654 sibi
849 2592 996 2654 conscius
1020 2596 1115 2672 esset,
1143 2611 1239 2673 quam
1262 2592 1367 2654 ini-15

255 2698 376 2760 micum
409 2698 538 2761 deberet
570 2698 738 2762 Caesarem
769 2697 899 2780 habere,
932 2734 974 2744 -
1007 2698 1094 2760 hunc
1125 2695 1324 2780 Epasnactus

254 2803 434 2887 Arvernus,
463 2805 674 2868 amicissimus
700 2804 817 2888 populo
843 2804 1000 2885 Romano,
1028 2805 1096 2866 sine
1125 2803 1324 2867 dubitatione

254 2910 322 2972 ulla
344 2912 488 2974 vinctum
513 2913 553 2975 ad
577 2910 743 2976 Caesarem
767 2911 910 2975 deduxit.
1199 2911 1201 2915 ’

201 3030 238 3084 45
344 3016 505 3081 Labienus
527 3020 655 3082 interim
678 3020 713 3081 in
730 3019 876 3081 Treveris
899 3022 1046 3099 equestre
1070 3017 1227 3098 proelium
1249 3017 1352 3080 faciti

256 3123 433 3186 secundum
458 3125 739 3208 compluribusque
761 3126 907 3188 Treveris
934 3125 1109 3187 interfectis
1137 3128 1169 3186 et
1193 3123 1324 3186 Germa-

344 3317 534 3371 9resisterent
552 3318 601 3372 dcl.
624 3317 691 3372 Oad.
723 3319 733 3383 11
764 3318 909 3371 etiamom.
925 3317 969 3372 Sa
1000 3321 1009 3386 1
1041 3317 1065 3370 9.
1081 3317 1115 3371 10
1127 3318 1201 3385 parte
1214 3331 1325 3370 suorum

255 3404 299 3457 siti
318 3406 415 3459 amissa
435 3406 472 3474 Sp
503 3407 511 3477 11
549 3407 583 3463 10
601 3410 788 3476 permanerent
806 3407 895 3474 msa
919 3406 1108 3474 permanebant
1128 3425 1145 3457 α
1182 3408 1191 3474 11
1228 3406 1261 3458 12
1280 3421 1323 3458 re·

254 3497 334 3562 pente
352 3494 411 3548 fons
429 3495 551 3564 perennis
570 3499 698 3550 exaustns
716 3499 816 3550 tantam
835 3495 923 3549 attulit
939 3495 981 3561 'Sp
1011 3495 1020 3564 11
1046 3495 1092 3562 14
1110 3495 1210 3548 factum
1228 3493 1324 3548 uolun-

253 3584 309 3636 tate
328 3602 350 3634 π
382 3585 390 3654 11
425 3586 465 3636 14.
487 3587 519 3638 15
538 3585 694 3638 necessitate
713 3585 797 3639 coacti
816 3601 844 3638 se
865 3584 902 3651 Sp

225 3676 227 3680 “
343 3674 389 3728 44.
409 3673 426 3725 2
445 3690 493 3727 nec
513 3674 562 3744 893
580 3691 614 3728 ne
633 3694 655 3725 π
687 3676 696 3744 11
734 3675 758 3727 3.
777 3675 796 3727 4
814 3673 918 3727 consilii
936 3672 978 3726 sui
999 3673 1036 3739 Sd
1070 3674 1078 3742 11
1115 3672 1259 3726 bconsilia
1282 3671 1324 3725 in·

254 3760 338 3814 issent
357 3780 387 3829 o3
405 3763 533 3816 rebellare
552 3763 702 3831 coepissent
720 3764 758 3830 Sp
780 3762 789 3832 11
812 3765 827 3816 7
848 3779 899 3832 que
912 3779 965 3815 om.
981 3762 1018 3829 Sp
1040 3761 1049 3830 11
1071 3761 1088 3815 8
1108 3763 1221 3829 Draptes
1236 3761 1298 3828 18111
1315 3761 1324 3833 11

254 3851 317 3903 9et
336 3851 424 3906 dolore
444 3869 496 3906 om.
517 3853 555 3919 Sp
586 3853 595 3920 11
628 3852 662 3908 10
680 3869 709 3907 se
728 3853 795 3920 cybo
816 3853 853 3919 Sp
884 3852 892 3921 11
926 3852 959 3904 12
972 3851 1126 3920 epaenetiss
1157 3852 1165 3919 11
1199 3852 1324 3903 141111-

255 3954 335 4007 quam
353 3959 375 3991 π
398 3942 407 4010 11
431 3943 464 3996 16
483 3943 590 3995 deberet
608 3959 661 3995 om.
674 3943 718 3995 Srr
745 3943 753 4012 11
779 3941 877 3995 habere
897 3941 1018 4009 (haberet
1038 3941 1092 4005 Su)
1108 3956 1242 3993 caesarem
1259 3940 1297 4006 Sp
1316 3939 1324 4012 11

254 4033 396 4095 epaenetus
414 4038 443 4097 p3
463 4048 544 4100 eques
563 4035 655 4084 nactus
676 4032 699 4084 S
727 4031 736 4098 11
770 4032 801 4083 17
821 4031 913 4099 populi
930 4030 1032 4083 romani
1050 4029 1146 4096 B²M23
1166 4017 1204 4097 pn.
1225 4049 1242 4080 u

342 4121 388 4174 45.
410 4121 423 4172 1
443 4120 550 4180 treuiris
570 4117 608 4188 Sp
639 4119 647 4188 11
681 4122 704 4174 1.
719 4120 735 4172 2
748 4121 892 4173 secundum
910 4120 973 4173 facit
987 4120 1025 4186 So
1055 4119 1064 4187 11
1097 4119 1253 4175 2Treveris
1272 4119 1322 4172 dcl.

254 4207 344 4276 Kraff.
368 4210 376 4279 11
400 4209 451 4263 23
465 4209 698 4278 compluribusque
710 4209 790 4263 etiam
803 4209 909 4263 treniris
922 4212 949 4263 et
961 4209 1094 4278 germanis
1107 4209 1324 4276 1υ1θ1160113181β
