2886 4666
220 225 264 286 44
623 237 730 292 13an
749 238 891 295 GALLICI

221 406 290 463 tum
323 406 377 467 est.
428 402 536 464 hostes
572 401 742 485 impeditos
777 404 880 465 nostri
914 403 949 464 in
980 402 1114 466 flumine
1149 402 1292 485 adgressi

193 527 373 591 amagnum
397 527 509 572 eorum
531 527 701 572 numerum
726 509 924 587 occiderunt3
948 528 1006 593 per
1028 528 1139 572 eorum
1160 529 1319 592 corporae

220 615 362 697 reliquos
385 615 597 679 audacissime
613 616 747 679 transire
764 621 915 679 conantes
930 616 1139 679 multitudine
1155 617 1292 680 telorum

222 720 429 805 reppulerunt
443 723 637 805 primosque,
650 724 706 805 qui
722 724 922 805 transierant,
935 725 1081 805 equitatu
1093 725 1292 788 circumven-

192 853 207 893 4
221 835 270 892 tos
285 829 521 893 interfecerunt.
556 830 672 911 hostes,
684 830 741 892 ubi
756 829 839 894 etde
852 830 1067 913 expugnando
1081 832 1196 914 oppido
1209 835 1241 894 et
1253 831 1292 894 de

220 935 354 1000 flumine
377 937 571 1000 transeundo
592 955 682 1020 spem
706 957 739 1000 se
761 937 912 1001 fefellisse
935 938 1164 1001 intellexerunt
1186 956 1291 1021 neque

220 1049 346 1106 nostros
378 1045 413 1106 in
444 1044 551 1107 locum
583 1025 778 1127 iniquiorem
814 1021 964 1127 progredi
997 1044 1163 1127 pugnandi
1196 1065 1292 1108 causa
1306 1067 1333 1111 ro

221 1150 373 1215 viderunt
410 1156 504 1233 atque
543 1152 630 1234 ipsos
668 1171 719 1214 res
758 1151 967 1214 frumentaria
1005 1151 1140 1215 deficere
1179 1153 1292 1234 coepit,

221 1257 357 1322 concilio
391 1263 563 1321 convocato
597 1260 833 1322 constituerunt
870 1247 1026 1342 optimum
1058 1278 1127 1322 esse
1160 1258 1293 1322 domum

222 1384 312 1428 suam
337 1384 496 1447 quemque
519 1367 650 1447 reverti,
679 1371 711 1429 et
739 1384 876 1448 quorum
904 1354 940 1428 in
961 1365 1043 1429 fines
1065 1366 1207 1447 primum
1229 1365 1293 1429 Ro-

221 1473 308 1534 mani
332 1474 510 1536 exercitum
532 1473 799 1554 introduxissent,
824 1473 864 1535 ad
887 1492 942 1536 eos
959 1471 1175 1536 defendendos
1198 1471 1292 1535 undi-

223 1598 285 1661 que
309 1580 531 1661 convenirent,
554 1584 592 1642 ut
607 1581 713 1662 potius
735 1581 771 1641 in
786 1581 853 1642 suis
870 1599 966 1662 quarn
989 1581 1024 1642 in
1046 1580 1158 1643 alienis
1172 1578 1292 1642 finibus
1307 1600 1332 1643 15

223 1685 421 1749 decertarent
436 1690 467 1749 et
483 1670 665 1750 domesticis
682 1687 782 1768 copiis
797 1687 845 1750 rei
867 1686 1093 1750 frumentariae
1118 1691 1244 1750 uterent
1286 1734 1292 1746 .

195 1792 262 1855 sad
286 1811 355 1857 eam
380 1793 570 1856 sententiam
594 1812 669 1856 cum
691 1793 825 1876 reliquis
841 1795 945 1857 causis
966 1794 1044 1857 haec
1068 1812 1196 1876 quoque
1212 1795 1292 1856 ratio

223 1918 277 1963 eos
295 1899 440 1980 deduxit,
465 1898 551 1981 quod
567 1898 769 1962 Diviciacum
793 1905 888 1980 atque
908 1900 1062 1964 Haeduos
1085 1899 1204 1963 finibus
1219 1899 1293 1964 Bel-

222 2007 408 2068 lovacorum
431 2006 687 2090 adpropinquare
711 2012 933 2090 cognoverant.
961 2007 1013 2070 his
1036 2007 1234 2091 persuaderi,
1258 2012 1294 2070 ut

224 2114 345 2175 diutius
356 2117 559 2177 morarentur
569 2133 674 2196 neque
687 2115 754 2177 suis
771 2115 928 2176 auxilium
943 2113 1069 2196 ferrent,
1083 2133 1151 2177 non
1161 2118 1292 2197 poterat.
1307 2133 1334 2176 ao

170 2234 204 2286 11
223 2218 271 2281 Ea
293 2239 328 2283 re
351 2222 523 2283 constituta
545 2220 685 2283 secunda
707 2221 818 2305 vigilia
840 2241 956 2304 magno
990 2240 1064 2284 cum
1096 2222 1228 2304 strepitu
1257 2240 1320 2283 acr

224 2327 366 2391 tumultu
389 2329 499 2390 castris
523 2330 642 2411 egressi
665 2329 754 2392 nullo
779 2333 865 2392 certo
887 2328 998 2391 ordine
1021 2347 1128 2409 neque
1151 2329 1294 2411 imperio,

224 2454 298 2498 cum
322 2433 383 2497 sibi
399 2437 535 2516 quisque
549 2437 689 2518 primum
712 2437 837 2499 itineris
856 2436 964 2499 locum
980 2439 1100 2518 peteret
1115 2439 1147 2496 et
1163 2434 1294 2497 domum

223 2543 389 2625 pervenire
417 2547 614 2625 properaret,
646 2541 803 2622 fecerunt,
836 2548 871 2604 ut
899 2543 1073 2605 consimilis
1100 2540 1194 2625 fugae
1221 2561 1293 2625 pro-

196 2649 316 2711 afectio
343 2649 513 2713 videretur.
562 2649 622 2712 hac
649 2668 683 2712 re
713 2651 818 2712 statim
848 2647 962 2712 Caesar
993 2667 1049 2732 per
1081 2649 1321 2731 speculatoress

224 2757 352 2838 cognita
373 2756 506 2819 insidias
529 2758 664 2836 veritus,
698 2757 785 2836 quod
819 2775 883 2838 qua
912 2757 950 2844 de
975 2775 1071 2818 causa
1095 2755 1295 2819 discederent

223 2863 368 2925 nondum
390 2868 608 2947 perspexerat,
631 2865 808 2926 exercitum
823 2864 1065 2945 equitatumque
1086 2864 1195 2925 castris
1219 2881 1294 2925 con-

195 2971 327 3033 etinuit.
373 2972 475 3053 prima
498 2971 570 3034 luce
586 2969 774 3034 confirmata
788 2989 823 3033 re
839 2969 878 3034 ab
896 2970 1150 3053 exploratoribus
1167 2988 1295 3032 omnem

225 3079 415 3160 equitatum,
454 3079 510 3159 qui
541 3079 752 3140 novissimum
789 3097 904 3160 agmen
935 3082 1126 3160 moraretur,
1159 3077 1294 3159 praemi·
1430 3164 1433 3167 Α

224 3185 273 3246 sit.
319 3184 370 3246 his
398 3182 433 3260 Q.
457 3183 593 3247 Pedium
622 3190 654 3247 et
680 3184 713 3247 L.
742 3184 1000 3247 Aurunculeium
1029 3183 1151 3247 Cottam
1173 3184 1294 3266 legatos
1309 3200 1335 3244 10

224 3291 388 3373 praefecit3
421 3291 453 3352 Τ.
481 3289 659 3354 Labienum
695 3291 837 3373 legatum
869 3310 943 3354 cum
980 3291 1160 3374 legionibus
1192 3290 1295 3353 tribus

197 3396 379 3478 asubsequi
417 3398 518 3460 iussit.
565 3397 598 3459 hi
635 3399 827 3460 novissimos
866 3398 969 3461 adorti
1007 3404 1038 3462 et
1074 3399 1176 3461 multa
1206 3397 1304 3459 milia*

225 3523 378 3588 passuum
405 3505 566 3588 prosecuti
592 3524 742 3587 magnam
769 3504 1009 3568 multitudinem
1037 3525 1148 3568 eorum
1170 3504 1295 3586 fugien-

225 3613 304 3675 tium
330 3611 551 3691 conciderunt,
574 3631 648 3674 cum
672 3611 711 3673 ab
736 3616 878 3674 extremo
903 3613 1042 3694 agmine,
1066 3611 1105 3673 ad
1123 3630 1203 3692 quos
1218 3629 1294 3673 ven-

315 3806 502 3874 7primosque
519 3812 548 3871 p,
566 3805 665 3873 primos
685 3824 702 3856 u
734 3806 743 3870 ΙΙ
775 3805 902 3859 9sesen
934 3805 943 3872 ll
976 3805 1009 3857 12
1022 3805 1131 3858 concilio
1144 3804 1211 3872 Ef²;
1231 3820 1294 3858 con·

226 3896 284 3949 silio
303 3896 333 3948 X
363 3896 371 3964 ll
405 3896 446 3947 14.
468 3894 647 3964 reunqueq
679 3895 687 3962 ll
721 3896 754 3948 15
774 3894 914 3948 conuenire
929 3894 1019 3962 Scapt.
1052 3895 1061 3961 l
1094 3893 1127 3947 18
1141 3893 1294 3946 diuitiacum

226 4001 330 4053 quoque
348 3983 411 4051 B²ss

316 4076 360 4128 11.
382 4075 416 4128 10
433 4073 475 4126 his
495 4091 524 4140 α;
553 4073 630 4141 eique
651 4073 714 4140 B²ss
755 4075 763 4141 ll
805 4072 907 4138 Q.om.
932 4071 1032 4140 o¹(s¹.2)
1074 4072 1083 4139 Η
1124 4071 1153 4124 L.
1174 4069 1294 4142 omacll

227 4165 258 4217 11
279 4163 306 4216 Τ.
326 4170 415 4230 enar}
