2886 4666
492 300 600 354 LIBER
617 301 639 354 Ι.
659 301 736 356 cnP.
756 303 873 354 31-33.
1176 287 1216 348 21

149 483 253 528 sarem
285 464 336 528 vel
371 455 558 527 auctoritate
591 484 654 532 sua¹
681 469 777 545 atque
816 464 976 527 exercitus
1013 465 1063 528 vel
1098 467 1218 528 recenti

149 572 292 634 victoria
314 563 367 634 rel
394 572 523 634 nomine
551 571 662 654 populi
688 571 826 634 Romani
854 571 1012 634 deterrere
1040 590 1145 654 posse,
1177 591 1219 635 ne

148 679 252 741 maior
280 677 451 741 multitudo
482 676 715 740 Germanorum
741 677 891 740 Rhenum
917 678 1114 758 traducatur,
1145 677 1218 742 Gal-

107 784 289 866 aeliamque
326 802 453 847 onmem
491 784 530 846 ab
563 785 720 847 Ariovisti
755 785 873 847 iniuria
910 803 1002 867 posse
1040 784 1217 849 defendere.

122 890 219 955 1Hac
248 893 391 954 oratione
427 891 466 953 ab
494 890 660 954 Diviciaco
694 890 803 955 habita
831 910 955 973 omnes,
989 892 1045 973 qui
1078 892 1217 975 aderant,
1235 898 1272 955 32

147 1018 263 1081 magno
292 997 371 1062 fletu
399 999 557 1061 auxilium
585 1020 603 1063 a
627 996 760 1061 Caesare
787 1002 894 1081 petere
923 1002 1102 1081 cooperunt.
1150 999 1246 1065 ani-2

148 1105 318 1168 madvertit
337 1103 452 1169 Caesar
473 1125 556 1168 unos
580 1124 622 1168 ex
646 1104 795 1169 omnibus
815 1103 980 1187 Sequanos
1004 1105 1082 1168 nihil
1108 1124 1219 1168 earum

148 1230 253 1274 rerum
291 1212 406 1292 facere,
445 1232 524 1294 quas
557 1213 657 1276 ceteri
688 1213 842 1293 facerent,
878 1213 934 1275 sed
971 1213 1078 1276 tristes
1116 1213 1218 1294 capite

121 1318 286 1383 ademisse
309 1323 426 1382 terram
448 1320 576 1382 intueri.
615 1320 684 1382 eius
702 1320 751 1382 rei
770 1337 850 1400 quae
870 1338 967 1382 causa
985 1326 1068 1382 esset
1086 1321 1218 1382 miratus

149 1444 190 1488 ex
209 1426 288 1508 ipsis
308 1427 452 1507 quaesiit.
489 1426 572 1488 nihil
592 1425 732 1507 Sequani
750 1426 957 1508 respondere,
980 1425 1037 1488 sed
1055 1427 1088 1488 in
1109 1426 1245 1492 eadema
1314 1473 1317 1477 ψ

150 1533 279 1595 tristitia
302 1533 390 1595 taciti
415 1551 608 1615 permanere.
656 1552 730 1595 cum
758 1532 798 1594 ab
827 1533 876 1594 his
899 1534 1026 1614 saepius
1051 1536 1219 1614 quaereret

148 1658 254 1721 neque
279 1638 378 1701 ullam
398 1640 527 1702 omnino
552 1657 662 1701 vocem
682 1639 862 1721 exprimere
880 1644 999 1722 posset,
1022 1639 1108 1702 idem
1127 1637 1218 1701 Divi-

149 1747 254 1809 ciacus
274 1745 430 1809 Haeduus
452 1745 629 1829 respondit:
655 1746 714 1808 hoc
734 1764 802 1809 esse
821 1745 1021 1808 miseriorem
1045 1750 1075 1808 et
1094 1747 1246 1837 gravio-4

108 1874 135 1916 ro
148 1871 215 1915 rem
244 1853 405 1916 fortunam
429 1850 651 1934 Sequanorum
681 1871 777 1934 quam
803 1852 1015 1934 reliquorum,
1044 1852 1130 1934 quod
1158 1853 1219 1915 soli
1279 1909 1282 1914 .

148 1976 189 2022 ne
217 1959 252 2021 in
280 1960 404 2023 occulto
440 1959 569 2040 quidem
599 1961 690 2040 queri
723 1979 828 2042 neque
862 1960 1021 2022 auxilium
1048 1959 1218 2042 implorare

148 2066 302 2129 auderent
325 2065 528 2148 absentisque
552 2067 708 2129 Ariovisti
735 2066 968 2146 crudelitatem,
996 2066 1085 2128 velut
1112 2067 1139 2128 si
1167 2086 1218 2129 oo-

147 2192 217 2233 ram
251 2172 387 2254 adesset,
421 2173 598 2249 horrerent,
631 2177 797 2256 propterea
829 2173 916 2255 quod
947 2173 1080 2254 rehquis
1111 2178 1245 2240 tamena

148 2278 241 2362 fugae
260 2279 394 2342 facultas
414 2279 556 2361 daretur,
581 2277 738 2361 Sequanis
757 2298 843 2361 vere,
865 2280 921 2361 qui
939 2281 1023 2342 intra
1041 2278 1122 2343 lines
1143 2299 1218 2342 suos
1306 2356 1309 2362 Δ

107 2406 134 2447 ro
148 2386 348 2449 Ariovistum
363 2387 571 2469 recepissent,
594 2405 732 2468 quorum
753 2386 869 2470 oppida
890 2387 997 2449 omnia
1012 2387 1047 2448 in
1063 2390 1217 2470 potestate

149 2493 218 2555 eius
241 2498 358 2574 essent,
383 2512 492 2556 omnes
517 2494 676 2556 cruciatus
700 2499 806 2557 essent
828 2493 1016 2577 perferendi.

122 2621 134 2661 1
238 2598 299 2663 His
314 2600 411 2664 rebus
427 2601 562 2684 cognitis
575 2600 691 2664 Caesar
701 2600 865 2665 Gallorum
882 2602 1004 2664 animos
1020 2601 1126 2663 verbis
1143 2620 1217 2663 oon·
1234 2617 1272 2673 33

147 2705 286 2769 firmavit
312 2707 538 2790 pollicitusque
570 2713 619 2771 est
650 2707 711 2770 sibi
745 2726 815 2772 eam
843 2726 911 2770 rem
940 2726 1034 2770 curae
1061 2707 1216 2786 futuram3

147 2833 295 2896 magnam
324 2832 357 2876 se
386 2812 501 2877 habere
529 2832 616 2897 spem
644 2820 675 2877 et
703 2814 858 2878 beneficio
888 2833 945 2877 suo
970 2819 1002 2877 et
1030 2815 1217 2877 auctoritate

148 2921 323 2984 adductum
345 2921 545 2983 Ariovistum
572 2919 669 2984 finem
698 2922 825 2983 iniuriis
851 2921 1020 2983 facturum.
1067 2921 1126 2983 hac
1150 2940 1217 2983 ora

120 3028 233 3090 atione
256 3028 363 3090 habita
392 3028 564 3090 concilium
592 3027 719 3091 dimisit.
771 3032 802 3091 et
827 3027 1004 3091 secundum
1033 3047 1080 3111 ea,
1097 3028 1246 3093 multaea

146 3153 198 3197 res
222 3154 296 3198 eum
319 3133 544 3215 hortabantur,
570 3154 667 3216 quare
691 3135 753 3198 sibi
776 3153 847 3197 eam
869 3153 937 3197 rem
962 3135 1162 3218 cogitandam
1187 3141 1219 3198 et

147 3242 383 3324 suscipiendam
404 3248 543 3324 putaret,
566 3243 599 3304 in
616 3242 726 3324 primis
743 3242 828 3324 quod
845 3241 998 3306 Haeduos
1014 3241 1126 3305 fratres
1143 3262 1218 3305 con-

148 3349 403 3431 sanguineosque
427 3367 520 3432 saepe
544 3367 677 3412 numero
702 3370 720 3412 a
742 3354 856 3412 senatu
872 3349 1044 3432 appellatos
1067 3349 1102 3411 in
1118 3350 1217 3413 servi-

147 3460 215 3517 tute
231 3457 377 3536 atquem
393 3456 519 3519 dicione
534 3456 664 3519 videbat
676 3454 908 3519 Germanorum
925 3457 1026 3520 teneri
1041 3475 1218 3538 eorumque

106 3580 133 3621 ro
148 3561 273 3624 obsides
301 3581 369 3625 esse
398 3562 482 3646 apud
510 3564 712 3626 Ariovistum
740 3583 777 3626 ac
805 3561 970 3645 Sequanos
998 3563 1215 3645 mtellegcbat;

148 3670 234 3751 quod
256 3670 291 3730 in
315 3675 402 3732 tanto
427 3671 561 3752 imperio
584 3671 694 3753 populi
709 3671 845 3734 Romani
865 3671 1085 3754 turpissimum
1109 3671 1217 3732 sibiet

236 3918 270 3970 59
290 3918 433 3970 reducatur
451 3917 498 3987 Μρ

234 4024 280 4079 32.
301 4025 317 4077 3
336 4040 403 4077 unos
426 4042 507 4091 raca,
532 4025 619 4093 ed.1;
643 4041 712 4078 unus
731 4025 762 4078 X
795 4026 803 4093 ll
841 4027 854 4077 7
879 4042 1034 4093 permanere
1053 4025 1133 4095 ‹less
1156 4042 1218 4093 per-

145 4127 268 4167 mansere
287 4112 372 4180 nube
404 4115 411 4181 ll
446 4115 478 4166 13
498 4116 587 4166 tamen
607 4132 641 4184 qq
661 4117 764 4168 tantum
778 4114 861 4183 pap

235 4220 281 4276 33.
302 4222 317 4274 5
338 4219 444 4273 dimisit.
467 4220 512 4289 [et]
534 4221 596 4273 HM
624 4222 632 4290 {l
665 4222 680 4275 9
701 4222 802 4275 dicione
823 4240 853 4288 a,
873 4222 1005 4276 deditione
1025 4222 1078 4289 B²ss
