2886 4666
168 326 187 342 ·
221 293 283 353 114
618 305 723 359 BELLI
743 306 884 360 GALLICl

218 470 403 553 Arpineius,
437 487 534 550 eques
562 469 738 550 Romanus,
770 470 937 533 familiaris
967 467 1001 545 Q.
1029 471 1155 554 Titurii,
1191 477 1222 535 et
1249 470 1295 546 (Η

217 579 330 641 lunius
354 596 396 640 ex
419 575 576 659 Hispania
600 577 742 657 quidam,
768 578 823 658 qui
846 578 910 638 iam
934 584 1006 641 ante
1024 578 1125 640 missu
1141 577 1285 642 Caesaris

218 686 257 747 ad
280 684 500 767 Ambiorigem
523 685 678 746 ventitare
702 690 878 747 consuerat
917 684 1002 767 apud
1019 703 1098 766 quos
1114 685 1284 747 Ambiorix

190 814 203 856 2
218 792 258 854 ad
281 791 368 854 hunc
390 791 522 853 modum
545 791 671 853 locutus
687 795 747 854 est:
773 809 842 853 sese
858 810 914 873 pro
932 790 1074 854 Caesaris
1090 792 1123 852 in
1140 811 1173 855 se
1189 792 1313 858 bene-s

216 899 297 962 ficiis
320 899 494 981 plurimum
517 898 547 960 ei
570 897 714 960 confiteri
739 897 867 979 debere,
897 899 982 979 quod
1011 900 1080 961 eius
1109 917 1203 981 opera
1230 901 1284 963 sti-

216 1006 334 1089 pendio
358 1004 510 1068 liberatus
534 1008 629 1085 esset,
654 1004 740 1085 quod
764 1003 932 1067 Atuatucis
948 1003 1094 1066 finitimis
1117 1007 1183 1068 suis
1206 1025 1283 1088 pen-

217 1114 291 1175 dero
319 1116 516 1192 consuesset,
545 1111 696 1192 quodque
725 1111 754 1173 ei
783 1115 814 1174 et
840 1110 926 1173 filius
956 1116 987 1173 et
1013 1111 1120 1174 fratris
1151 1112 1237 1174 filius
1266 1135 1285 1176 a

217 1220 350 1284 Caesare
377 1218 502 1281 remissi
531 1223 648 1298 essent,
681 1237 762 1298 quos
789 1219 942 1280 Atuatuci
970 1218 1118 1281 obsidum
1149 1238 1283 1282 numero

189 1329 331 1390 amissos
355 1325 439 1408 apud
462 1344 496 1387 se
519 1325 553 1386 in
578 1325 729 1387 servitute
758 1329 790 1387 et
813 1326 932 1388 eatenis
959 1327 1149 1404 tenuissent3
1178 1345 1284 1407 neque
1298 1349 1326 1389 ro

217 1435 263 1515 id,
288 1433 373 1514 quod
396 1433 507 1496 fecerit
535 1432 573 1494 de
602 1432 838 1514 oppugnatione
867 1437 1055 1513 castrorum,
1084 1437 1138 1494 aut
1164 1433 1282 1496 iudicio

218 1548 272 1603 aut
306 1539 468 1602 voluntate
501 1557 559 1600 sua
590 1538 717 1617 fecisse,
750 1539 806 1602 sed
839 1543 950 1602 coactu
977 1540 1127 1620 civitatis,
1162 1558 1282 1621 suaque

217 1666 285 1711 esse
310 1648 378 1710 eius
406 1644 493 1707 modi
523 1645 670 1726 imperia,
698 1650 734 1706 ut
761 1665 826 1708 non
854 1647 961 1708 minus
988 1645 1120 1709 haberet
1146 1647 1226 1709 iuris
1249 1648 1282 1708 in

188 1774 249 1818 ase
277 1736 449 1814 multitudo
479 1771 574 1832 quam
603 1752 728 1834 ipsein
751 1751 998 1815 multitudinem.
1045 1753 1167 1815 civitati
1189 1772 1281 1835 porro

217 1861 296 1922 hano
319 1860 416 1922 fuisse
440 1857 517 1920 belli
541 1877 681 1939 causam,
705 1858 790 1940 quod
813 1860 997 1941 repentinae
1022 1858 1185 1921 Gallorum
1210 1879 1325 1922 con-15

217 1966 369 2028 iurationi
392 1966 538 2028 resistere
561 1984 624 2026 non
649 1966 795 2047 potuerit.
833 1966 867 2028 id
891 1984 924 2029 se
941 1966 1033 2028 facile
1049 1984 1089 2028 er
1105 1966 1282 2029 humilitate

217 2093 275 2136 sua
297 2072 432 2155 probare
455 2090 561 2154 posse,
591 2072 676 2153 quod
702 2091 769 2134 non
797 2072 875 2136 adeo
904 2073 945 2134 sit
972 2073 1139 2154 imperitus
1166 2093 1282 2154 rerum,

217 2187 252 2242 ut
275 2180 342 2241 suis
366 2179 466 2260 copiis
489 2178 644 2260 populum
667 2177 846 2240 Romanum
864 2180 1005 2261 superari
1022 2198 1113 2261 posse
1137 2179 1281 2243 confidat.

188 2287 271 2350 ised
300 2305 368 2349 esse
398 2285 518 2348 Galliae
547 2303 715 2348 commune
744 2286 929 2349 consilium:
964 2285 1111 2348 omnibus
1139 2287 1282 2349 hibernis

216 2394 358 2456 Caesaris
392 2391 614 2475 oppugnandis
646 2392 733 2454 hunc
765 2411 833 2454 esse
866 2392 987 2455 dietum
1019 2393 1116 2473 diem,
1149 2412 1190 2456 ne
1219 2413 1282 2474 qua
1296 2413 1324 2454 ao

186 2501 296 2583 elegio
331 2499 421 2563 alteri
453 2499 573 2580 legioni
606 2499 749 2562 subsidio
782 2500 892 2562 venire
927 2505 1040 2581 posset.
1090 2519 1158 2562 non
1190 2500 1281 2562 facile

215 2606 322 2670 Gallos
347 2606 447 2669 Gallis
470 2624 586 2687 negare
610 2607 763 2687 potuisse,
786 2607 972 2688 praesertim
996 2624 1069 2668 oum
1093 2607 1132 2669 de
1151 2626 1281 2689 recupe-

186 2715 312 2777 rranda
336 2713 497 2776 communi
522 2712 667 2774 libertate
684 2711 853 2774 consilium
870 2713 986 2774 initum
1002 2713 1171 2775 videretur.
1212 2715 1281 2795 qui-

215 2822 274 2884 bus
303 2820 455 2902 quoniam
486 2839 542 2901 pro
575 2819 695 2901 pietate.
723 2819 799 2881 satis
827 2818 949 2901 fecerit,
982 2820 1098 2882 habere
1129 2839 1218 2883 nuno
1246 2841 1279 2884 se

214 2929 369 2991 rationem
402 2925 498 2989 officii
530 2945 587 3008 pro
619 2925 783 2988 beneficiis
816 2925 973 2989 Caesaris:
1011 2945 1155 3007 monere,
1192 2945 1322 2991 orarem

214 3035 371 3096 Titurium
394 3051 451 3116 pro
472 3033 621 3114 hospitio,
645 3037 681 3094 ut
700 3051 776 3094 suae
795 3051 831 3094 ao
851 3033 990 3094 militrmi
1014 3035 1108 3096 saluti
1127 3035 1279 3096 consulat.

187 3160 362 3222 amagnam
384 3158 513 3201 manum
540 3137 772 3202 Germanorum
795 3139 985 3202 conductam
1007 3140 1155 3204 Rhenum
1178 3147 1279 3204 trans-

187 3249 290 3325 oisse3
315 3247 397 3308 hano
421 3246 528 3308 adfore
545 3245 650 3307 biduo.
690 3246 832 3327 ipsorum
848 3265 916 3309 esse
933 3246 1114 3329 eonsilium,
1137 3249 1279 3310 velintne

212 3355 420 3436 priusquam
444 3350 571 3414 finitimi
600 3351 740 3414 sentiant
767 3351 896 3414 eductos
924 3372 965 3414 ex
992 3352 1134 3416 hibernis
1161 3355 1279 3418 milites

214 3465 268 3523 aut
300 3460 339 3523 ad
369 3458 555 3522 Ciceronem
583 3464 639 3519 aut
667 3458 707 3519 ad
733 3455 911 3520 Labienum
940 3459 1110 3540 deducere7
1143 3480 1322 3541 quorumao

214 3569 292 3630 alter
314 3567 404 3629 milia
426 3584 579 3648 passuum
603 3565 728 3627 circiter
749 3563 787 3647 L,
812 3565 891 3628 alter
913 3567 1009 3649 paulo
1025 3568 1161 3650 amplius
1184 3569 1279 3631 abiis

302 3743 367 3808 2Q.
392 3741 493 3810 Titurii]
523 3741 553 3806 Q.
578 3748 671 3807 oucfi
712 3742 720 3808 ΗΗ
765 3741 907 3809 3quidam
929 3742 978 3794 del.
1004 3741 1166 3794 *HJMalar
1208 3744 1216 3810 ΗΗ
1261 3745 1279 3794 4

212 3834 431 3898 consueuerantfl
454 3833 462 3901 A
486 3831 544 3883 bad
558 3848 588 3896 ιι;
601 3829 628 3882 in
641 3837 658 3896 β
681 3831 690 3898 ΗΗ
714 3831 728 3881 7
742 3830 879 3882 aduatucis
894 3849 923 3897 ιι;
937 3831 1039 3883 uatucis
1051 3831 1083 3897 S3
1097 3832 1214 3883 anatuois
1229 3831 1252 3894 Q
1271 3831 1278 3901 ΗΗ

211 3922 354 3987 Seiotu3
374 3921 433 3986 eip
464 3921 472 3987 ΗΗ
500 3919 537 3972 'ab
557 3939 574 3969 ιι
607 3920 615 3987 ΗΗ
647 3919 758 3972 Cmissi
777 3919 851 3985 AMp
882 3919 890 3986 ΗΗ
922 3920 1044 3972 aduatuci
1064 3939 1081 3970 ιι
1114 3922 1122 3990 ΗΗ
1156 3922 1185 3972 11
1207 3921 1278 3973 sece-

212 4013 293 4076 rintp
324 4012 332 4078 ΗΗ
365 4010 397 4062 de
413 4008 603 4076 oppugnatione
622 4007 937 4060 cast1·.del.*HJMiiller
963 4013 971 4075 ΗΗ
999 4008 1032 4060 12
1050 4009 1144 4062 fecisse
1163 4026 1215 4061 oua
1234 4017 1252 4076 β
1270 4008 1279 4080 ΗΗ

214 4100 246 4152 18
266 4098 384 4166 superari
404 4116 433 4163 ας
462 4113 490 4150 se
514 4104 674 4164 superarer?
714 4099 722 4165 ΗΗ
764 4097 796 4149 21
822 4097 921 4150 altorae
945 4116 962 4148 ιι
1003 4099 1012 4161 ΗΗ
1053 4098 1088 4149 24
1110 4114 1157 4165 pro
1181 4100 1279 4167 pietate

214 4188 334 4254 SQbsb⁹;
353 4187 511 4254 proprietate
526 4184 611 4237 ΑΒΜ
613 4185 707 4248 Qtab¹l
739 4185 747 4253 ΗΗ
780 4187 815 4240 30
833 4189 879 4238 aut
897 4187 929 4239 ad
948 4185 1093 4240 ciceronem
1110 4206 1140 4256 ιι;
1160 4191 1206 4242 aut
1225 4206 1277 4241 om.

210 4286 227 4344 β
258 4283 266 4344 ΗΗ
300 4278 331 4330 31
352 4275 384 4328 ab
403 4274 435 4327 iis
455 4281 543 4340 onafl
