2886 4666
182 280 222 342 10
580 295 685 350 Brenni
704 295 846 350 GALLICI

126 464 161 518 15
179 458 311 522 Postero
336 459 387 522 die
410 463 514 534 castra
541 477 583 521 ex
611 477 647 522 eo
676 459 746 522 loco
775 464 911 522 movent.
957 460 1045 523 idem
1073 460 1148 523 facit
1171 459 1274 527 Cae-1

180 585 232 628 sar
255 565 497 646 equitatumque
522 583 661 648 omnem,
686 566 920 634 adnumerum
945 571 1094 648 quattuor
1113 567 1247 648 milium,

181 691 277 753 quem
304 690 346 735 ex
374 674 462 748 omni
489 673 654 756 provincia
676 678 708 736 et
730 673 873 736 Haeduis
898 678 994 755 atque
1018 691 1129 736 eorum
1152 675 1248 737 sociis

180 783 326 842 coactum
349 779 497 860 babebat,
520 780 705 862 praemittit,
731 780 786 862 qui
808 780 951 861 videant,
981 798 1060 861 quas
1084 781 1119 842 in
1142 785 1248 864 partes

153 885 285 950 ahostes
313 887 374 950 iter
395 887 520 950 faciant.
568 887 623 969 qni
646 887 794 970 cupidius
817 888 1028 950 novissimum
1055 906 1170 970 agmen
1198 889 1274 954 in=a

181 995 282 1057 secuti
316 993 420 1057 alieno
453 994 522 1069 loco
558 1013 633 1056 cum
665 995 809 1076 equitatu
837 993 1059 1058 Helvetiorum
1091 995 1248 1077 proelium

155 1102 394 1180 acommittrmt3
419 1106 450 1164 et
471 1100 567 1183 pauci
591 1100 629 1164 de
648 1103 765 1164 nostris
784 1102 909 1164 cadunt.
948 1120 1011 1181 quo
1034 1101 1153 1183 proelio
1174 1101 1248 1165 snb-

75 1216 80 1226 ·
180 1206 237 1269 lati
256 1206 411 1290 Helvetii,
436 1209 522 1289 quod
546 1209 730 1291 quingentis
749 1208 912 1289 equitibus
932 1213 1051 1270 tantam
1070 1209 1248 1271 multitudi-

180 1333 255 1376 nem
280 1315 425 1395 equitnm
448 1314 664 1397 propulerant,
692 1315 843 1379 audacius
866 1315 1039 1379 subsistere
1064 1336 1128 1379 non
1154 1336 1248 1378 num·

175 1440 277 1502 quam
303 1427 337 1485 et
359 1423 533 1485 novissimo
557 1423 684 1504 agmine
707 1421 827 1504 proelio
850 1429 976 1486 nostros
997 1422 1153 1486 lacessere
1177 1443 1248 1487 coe·
1262 1449 1290 1490 ro

153 1533 304 1611 rpemnt.
340 1527 455 1592 Caesar
477 1547 552 1590 suos
576 1528 733 1611 aproelio
758 1529 941 1592 continebat
964 1548 1001 1591 ac
1019 1531 1094 1592 satis
1112 1529 1249 1592 habebat

180 1636 215 1698 in
239 1636 418 1719 praesentia
440 1635 564 1698 hostem
590 1637 711 1718 rapinis
745 1635 1040 1720 [pabulationibus]
1072 1637 1249 1719 populatio-

154 1742 340 1824 snibusque
376 1741 552 1824 prohibere.
608 1743 654 1804 ita
691 1743 758 1805 dies
796 1744 921 1806 circiter
957 1743 1023 1807 XV
1064 1744 1126 1806 iter
1167 1743 1248 1807 fece-

182 1853 268 1929 runt,
301 1850 349 1910 nti
379 1850 463 1911 inter
490 1849 700 1912 novissimum
731 1849 872 1912 hostium
904 1870 1018 1934 agmen
1047 1857 1079 1914 et
1105 1857 1250 1913 nostrum

181 1955 322 2038 primum
349 1973 416 2017 non
444 1955 579 2038 amplius
608 1955 715 2036 quinis
743 1961 798 2019 aut
826 1957 911 2019 senis
939 1956 1069 2020 milibus
1096 1977 1249 2040 passuum
1264 1982 1290 2024 15

181 2062 356 2124 interesset.

60 2162 62 2166 ὗ
128 2181 163 2235 16
270 2169 403 2232 Interim
435 2169 550 2233 cotidie
584 2169 699 2233 Caesar
730 2169 883 2234 Haeduos
916 2170 1125 2254 frumentum,
1163 2171 1275 2253 quodi

155 2282 288 2345 cessent
321 2277 449 2359 publice
482 2277 627 2360 polliciti,
668 2276 819 2360 flagitare.
871 2297 947 2340 nam
979 2284 1105 2362 propter
1132 2278 1250 2360 frigora

183 2384 282 2469 [quod
298 2383 401 2447 Gallia
419 2383 478 2447 sub
504 2384 787 2473 septentrionibus,
810 2391 847 2448 ut
869 2389 942 2448 ante
966 2385 1085 2447 dictum
1109 2392 1167 2465 est,
1193 2403 1249 2466 po-

182 2492 243 2555 sita
267 2489 339 2574 est,]
363 2509 428 2553 non
448 2491 543 2553 modo
566 2490 726 2555 frumenta
747 2493 782 2553 in
806 2492 891 2573 agris
914 2497 1039 2553 matura
1061 2510 1126 2553 non
1151 2495 1249 2569 erant,

154 2599 239 2662 esed
265 2617 307 2660 ne
334 2597 446 2681 pabuli
470 2597 598 2679 quidem
621 2599 697 2660 satis
720 2617 836 2680 magna
864 2599 955 2679 copia
978 2595 1177 2679 suppetebat,
1211 2614 1276 2661 eos

183 2711 291 2769 autem
312 2704 486 2785 frumento,
515 2704 601 2784 quod
620 2703 753 2768 flumine
774 2704 870 2766 Arari
893 2703 1028 2766 naribus
1050 2703 1249 2783 subvexerat,

182 2817 348 2895 propterea
369 2813 418 2874 uti
440 2813 547 2873 minus
569 2815 704 2894 poterat,
729 2810 815 2891 quod
838 2811 900 2873 iter
927 2810 965 2872 ab
990 2809 1085 2872 Arari
1107 2808 1250 2872 Helvetii

155 2923 374 3001 reverterant,
399 2938 417 2980 a
441 2918 557 2999 quibus
580 2917 743 2980 discedere
765 2915 901 2978 nolebat.
943 2915 1029 2979 diem
1052 2935 1094 2979 ex
1117 2917 1168 2979 die
1193 2915 1250 2978 dn-

155 3045 255 3088 scere
279 3024 418 3088 Haedui:
444 3025 594 3106 conferri,
617 3024 817 3106 comportari,
842 3023 952 3086 adesse
976 3023 1088 3086 dicere.
1136 3023 1192 3086 ubi
1216 3042 1250 3087 se

183 3132 304 3194 diutius
324 3132 399 3194 duci
416 3131 575 3195 intellexit
593 3136 625 3195 et
644 3130 727 3193 diem
745 3131 876 3212 instare,
901 3149 964 3212 quo
984 3130 1035 3194 die
1053 3131 1250 3193 frumentum
1265 3155 1292 3196 ro

182 3238 337 3301 militibus
360 3239 467 3301 metiri
495 3241 663 3321 oporteret,
692 3237 874 3299 convocatis
902 3255 1014 3299 eorum
1041 3236 1250 3319 principibus,

184 3365 321 3428 qnorum
343 3364 492 3429 magnam
515 3345 638 3427 copiam
660 3345 694 3405 in
718 3343 830 3407 castris
853 3341 1002 3424 habebat,
1030 3344 1065 3405 in
1088 3343 1137 3405 his
1161 3343 1250 3405 Divi-

184 3454 270 3521 ciaco
300 3458 330 3515 et
356 3451 462 3534 Lisco,
496 3452 552 3533 qui
585 3469 709 3514 summo
737 3450 936 3532 magistratui
965 3454 1121 3533 praeerat,
1155 3467 1252 3528 quem

183 3559 408 3642 vergobretum
441 3557 600 3640 appellant
631 3546 772 3637 Haedui,
810 3557 866 3636 qui
899 3560 1025 3618 creatur
1057 3572 1183 3616 annuus
1221 3560 1252 3616 et

184 3667 267 3728 vitae
289 3667 442 3746 necisque
463 3665 498 3727 in
521 3683 595 3727 suos
618 3663 713 3726 habet
736 3667 935 3745 potestatem,
962 3663 1102 3744 graviter
1124 3679 1178 3723 eos
1201 3681 1251 3723 ac·
1266 3686 1293 3727 rr

157 3778 287 3855 censat,
312 3772 411 3854 quod,
435 3791 508 3834 cum
531 3788 635 3850 neque
660 3771 722 3832 emi
745 3788 850 3852 neque
870 3788 911 3832 ex
933 3768 1017 3851 agris
1040 3768 1125 3830 sumi
1143 3769 1251 3850 possit,

272 3966 318 4020 15.
338 3963 610 4033 llaproeliosuosn
642 3960 650 4033 lt
684 3962 717 4014 12
731 3961 942 4030 pabulationibus
952 3961 1001 4014 dal.
1012 3960 1075 4015 Αἶά.
1104 3958 1112 4031 b
1145 3961 1179 4013 14
1191 3964 1252 4015 utn

273 4056 319 4110 1e.
333 4055 382 4109 3.4
395 4055 465 4123 quod
475 4052 560 4108 Gallia
570 4091 664 4105 ......
675 4051 761 4119 posita
771 4055 812 4103 est
823 4050 872 4103 del.
885 4050 1005 4103 Scbillcr
1018 4047 1027 4120 ll
1041 4051 1057 4104 6
1072 4054 1097 4102 ct
1112 4051 1126 4102 7
1141 4051 1209 4103 arari
1221 4069 1251 4118 ας

184 4160 258 4198 arare
275 4143 307 4196 X
340 4142 348 4215 ll
387 4144 420 4196 13
439 4144 559 4211 praeerat
576 4139 728 4206 Nicasius,
752 4140 892 4207 praeerant
908 4138 939 4190 X
977 4137 985 4209 [l
1027 4138 1060 4191 16
1079 4138 1164 4206 possit
1181 4139 1252 4207 HM,

184 4235 275 4302 posset
292 4232 332 4298 X,
356 4231 440 4300 possit
458 4232 621 4284 frumentum
639 4228 665 4280 D
