2886 4666
230 247 293 308 164
628 259 733 312 BBLLI
752 259 893 313 GALLICI

227 424 367 486 munitos
396 422 622 511 existimabant
654 441 690 484 ac
723 441 763 485 ne
791 422 945 504 singulari
978 422 1108 503 quidem
1142 441 1296 503 umquam

228 531 350 593 homini
373 549 409 593 eo
434 535 575 612 tempore
600 530 676 590 anui
700 530 830 591 semitae
854 533 1034 612 patuerant,
1059 529 1220 609 equitibus
1236 531 1296 591 iru-
1312 555 1337 595 10

228 642 329 720 perat,
352 641 388 699 ut
412 655 507 718 quam
530 636 682 699 latissime
705 637 828 718 possint
851 641 1010 718 vagentur
1033 641 1065 699 et
1081 654 1178 715 quam
1193 638 1296 698 niaxi-

200 763 317 808 arnum
341 743 484 806 hostibus
508 747 660 806 terrorem
682 743 828 805 inferant.
875 742 1021 805 celeriter
1043 743 1121 804 haec
1148 741 1232 803 fama
1260 762 1296 804 ac

227 851 335 912 nuntii
370 849 409 911 ad
437 850 732 932 Vercingetorigem
761 849 979 932 perferuntur3
1015 867 1110 930 quem
1138 851 1297 930 perterriti

228 976 338 1019 omnes
362 957 500 1019 Arverni
524 957 763 1019 circumsistunt
778 960 873 1038 atque
897 955 1076 1036 obsecrant,
1101 959 1137 1016 ut
1152 956 1218 1016 suis
1233 954 1296 1017 for-

228 1064 314 1125 tunis
338 1063 483 1126 consulat
509 1081 574 1125 nau
602 1082 636 1126 se
665 1063 703 1124 ab
732 1062 876 1125 hostibus
905 1062 1000 1145 diripi
1028 1063 1178 1143 patiatur,
1206 1081 1296 1143 prae·
1312 1088 1336 1128 15

200 1171 337 1236 ssertim
360 1189 433 1232 cum
458 1170 564 1232 videat
588 1189 681 1232 omne
705 1169 745 1231 ad
768 1189 802 1233 se
825 1169 946 1232 bellum
973 1172 1170 1234 translatum.
1217 1191 1296 1254 quo-

228 1297 300 1338 rum
323 1276 376 1339 ille
399 1276 548 1359 precibus
571 1281 734 1358 permotus
763 1281 866 1339 castra
893 1295 934 1338 ex
961 1277 1161 1361 Biturigibus
1189 1260 1296 1341 moret

191 1384 260 1455 uin
285 1385 446 1446 Arvernos
470 1403 589 1446 versus.
635 1384 680 1445 At
704 1381 817 1446 Caesar
839 1383 974 1446 biduum
997 1386 1032 1447 in
1055 1384 1105 1447 his
1129 1384 1206 1447 locis
1230 1405 1323 1448 uro-1

227 1496 327 1573 ratus,
353 1490 438 1571 quod
461 1490 539 1553 haec
563 1489 602 1552 de
617 1489 879 1572 Vercingetorige
903 1510 964 1553 usu
987 1498 1123 1554 ventura
1147 1493 1295 1574 opinione

228 1602 438 1679 praeceperat,
461 1616 518 1679 per
541 1616 671 1659 causam
686 1596 899 1679 supplementi
917 1599 1142 1679 equitatusque
1159 1599 1295 1680 cogendi

200 1729 213 1769 2
228 1704 266 1766 ab
292 1704 435 1766 exercitu
452 1704 595 1785 discedit,
619 1703 757 1766 Brutum
774 1703 1009 1767 adulescentem
1025 1705 1073 1767 his
1090 1707 1190 1787 copiis
1205 1723 1296 1787 prae-

227 1809 306 1889 ficit,
331 1811 416 1872 huuc
440 1813 561 1891 monet,
584 1810 678 1871 utin
702 1829 812 1873 omnes
835 1816 940 1892 partes
960 1813 1081 1891 equites
1099 1831 1193 1893 quam
1209 1812 1323 1874 latis-a

228 1917 307 1978 sime
330 1920 556 1998 pervagentur3
582 1915 730 1978 daturum
754 1935 787 1978 se
812 1936 952 1998 operam,
975 1936 1017 1980 ne
1040 1918 1165 2000 longius
1189 1918 1295 1980 triduo

201 2041 247 2088 aa
270 2023 380 2085 castris
409 2021 498 2084 absit.
549 2023 598 2085 his
627 2024 807 2085 constitutis
836 2023 932 2086 rebus
961 2025 1027 2086 suis
1055 2025 1295 2106 inopinantibus

201 2147 324 2209 aquarn
353 2129 501 2191 maximis
529 2133 633 2211 potest
660 2129 829 2192 itineribus
858 2130 1016 2193 Viennam
1049 2133 1202 2213 pervenit.
1250 2131 1295 2193 ibi

228 2240 341 2298 nactus
365 2239 524 2298 recentem
549 2237 739 2318 equitatum,
769 2256 864 2318 quem
888 2237 997 2299 multis
1021 2242 1094 2299 ante
1117 2237 1230 2300 diebus
1258 2256 1295 2300 eo

228 2343 446 2425 praemiserat,
473 2361 579 2425 neque
603 2344 717 2405 diurno
741 2363 847 2425 neque
870 2349 1027 2406 nocturno
1056 2345 1169 2408 itinere
1198 2345 1296 2407 inter·
1311 2366 1337 2406 ro

228 2451 324 2512 misso
352 2468 408 2531 per
435 2448 514 2512 fines
542 2449 752 2512 Haeduorum
780 2452 814 2512 iu
842 2449 1001 2533 Lingones
1030 2452 1206 2533 contendit,
1239 2451 1296 2513 ubi

228 2557 309 2619 duae
332 2557 473 2638 legiones
496 2556 690 2638 hiemabant,
714 2561 762 2637 ut,
787 2557 814 2620 si
838 2557 913 2638 quid
932 2558 1025 2620 etiam
1050 2558 1088 2621 de
1112 2578 1171 2620 sua
1194 2558 1295 2620 salute

199 2662 266 2727 aab
295 2663 439 2726 Haeduis
466 2663 602 2725 iniretur
629 2662 766 2743 consilii,
800 2664 959 2727 celeritate
986 2670 1211 2746 praecurreret.
1258 2683 1294 2726 eo

227 2787 301 2831 cum
334 2770 544 2851 pervenisset,
582 2769 621 2831 ad
653 2768 793 2850 reliquas
830 2769 971 2852 legiones
1008 2772 1106 2832 mittit
1142 2772 1295 2853 priusque

228 2894 337 2938 omnes
360 2877 394 2938 in
418 2895 521 2938 unum
543 2877 651 2938 locum
674 2877 770 2958 cogit,
794 2895 888 2957 quarn
915 2876 953 2938 de
978 2878 1046 2938 eius
1071 2877 1210 2939 adventu
1234 2879 1295 2939 Ar·
1311 2896 1336 2937 15

171 3025 174 3031 -
200 2983 335 3046 evernis
359 2983 500 3045 nuntiari
523 2987 637 3064 posset.
683 2982 741 3044 hac
765 3002 799 3045 re
816 2984 943 3064 cognita
958 2983 1202 3065 Vercingetorix
1225 3003 1295 3045 rur-

227 3106 282 3149 sus
309 3089 343 3148 iu
365 3088 526 3170 Bituriges
555 3089 733 3151 exercitum
760 3089 884 3151 reducit
911 3094 1006 3170 atque
1033 3089 1108 3152 iude
1135 3089 1295 3172 profectus
1395 3134 1397 3138 ,

229 3192 456 3276 Gorgobinam,
480 3194 633 3257 Boiorum
650 3195 815 3278 oppidum,
833 3216 912 3277 quos
928 3196 975 3258 ibi
990 3195 1158 3277 Helvetico
1174 3196 1294 3278 proeho

227 3301 330 3363 victos
354 3299 468 3363 Caesar
491 3302 712 3364 conlocauerat
734 3301 943 3385 Haeduisque
968 3304 1167 3385 attribuerat,
1197 3322 1295 3385 oppu-

317 3494 458 3563 9quidom
477 3501 566 3560 ouass
597 3495 605 3562 ΗΗ
639 3496 670 3546 11
691 3497 800 3561 possent
813 3515 834 3564 χ
866 3496 874 3563 ΗΗ
907 3498 934 3548 et
953 3514 983 3561 u,
1002 3498 1032 3548 ut
1049 3503 1066 3562 β
1098 3497 1107 3564 ΗΗ
1140 3496 1173 3548 12
1193 3512 1223 3548 ac
1242 3513 1294 3548 oua.

226 3590 243 3649 β
275 3584 283 3652 Η
317 3585 349 3637 13
368 3583 468 3636 nuntiis
486 3583 594 3636 Muuut.
628 3585 637 3653 ΗΗ
668 3584 839 3651 perferuntss
870 3587 878 3653 ΗΗ
912 3587 953 3638 15.
975 3586 1008 3638 16
1032 3585 1154 3638 consulat
1176 3601 1244 3638 neue
1263 3585 1295 3637 ab

227 3672 346 3725 hostibus
366 3672 535 3740 diripiantur,
555 3673 710 3740 praesertim
731 3693 747 3724 a
780 3674 789 3742 ΗΗ
822 3673 855 3726 18
874 3673 902 3725 in
920 3681 948 3740 β’,
967 3690 1014 3741 per
1034 3693 1051 3724 u

315 3762 342 3816 9.
364 3761 380 3814 2
400 3763 432 3814 de
451 3761 668 3830 Vercingetorige
687 3761 736 3814 dcl.
756 3761 918 3815 *HJMuuer
944 3765 952 3832 ΗΗ
983 3779 1034 3816 usu
1052 3782 1085 3830 a,
1105 3779 1169 3816 usus
1184 3783 1217 3833 ap
1244 3764 1252 3830 ΗΗ
1280 3765 1295 3816 3

227 3852 379 3918 perceperat
399 3849 513 3920 SMlpfb
540 3852 548 3914 ΗΗ
573 3850 642 3902 aiis
660 3849 713 3913 Qu
738 3851 747 3918 ΗΗ
773 3851 797 3903 4.
812 3853 828 3904 5
841 3851 967 3918 praefecit
979 3859 996 3917 β
1022 3853 1029 3919 ΗΗ
1057 3854 1071 3904 7
1092 3852 1124 3906 ab
1138 3872 1155 3903 u
1182 3854 1190 3920 ΗΗ
1217 3853 1295 3905 rebus

227 3938 347 3991 omnibus
366 3939 457 4006 suisfl
488 3939 496 4007 ΗΗ
528 3939 605 3992 Sibi
624 3957 654 4006 a3
673 3939 772 4005 Iudefl
804 3941 812 4003 Η
844 3940 990 3993 9uanotus
1009 3940 1072 3993 ΑΒ1
1104 3943 1112 4010 ΗΗ
1147 3943 1177 3993 11
1192 3941 1295 4009 linguo-

227 4043 274 4079 nes
292 4027 328 4094 fh
360 4030 368 4098 ΗΗ
402 4028 435 4080 12
454 4027 517 4096 quid
536 4048 570 4095 n,
590 4029 661 4096 quod
681 4049 714 4099 up
751 4029 759 4096 ΗΗ
797 4030 829 4081 17
849 4029 990 4096 reduxitfl
1027 4031 1035 4097 ΗΗ
1074 4030 1106 4082 18
1126 4030 1296 4098 gorgobinam

227 4114 338 4182 a(f)b²l;
361 4119 533 4184 gorionamfi
568 4119 576 4186 ΗΗ
613 4133 679 4186 quos
697 4118 734 4171 ibi
757 4118 832 4185 Mhi,
861 4119 930 4185 quod
954 4119 1004 4172 sibi
1027 4119 1072 4187 (ibi
1097 4120 1132 4187 S)
1154 4140 1170 4170 α
1212 4121 1220 4189 ΗΗ
1263 4120 1296 4173 19

227 4205 347 4274 ηἰοῒοτχ
