2886 4666
499 279 607 334 LIBER
624 280 685 333 VII.
706 279 782 334 CAP.
801 280 920 334 68-71.
1179 266 1242 328 203

140 444 273 511 rfirmis
295 443 465 528 praesidiis
489 443 687 507 tenebantur.
735 440 837 526 Opere
860 444 1007 506 instituto
1035 442 1073 505 fit
1095 448 1242 526 equestre
1263 453 1297 508 to

171 550 331 634 proelium
356 552 453 613 inea
480 550 625 633 planitie,
658 570 754 632 quam
777 551 993 614 intermissam
1021 549 1156 614 collibus
1184 551 1244 612 tria

171 656 262 721 milia
284 676 436 741 passuum
463 658 496 720 in
526 656 763 740 longitudinem
790 662 899 739 patere
928 677 1024 740 supra
1049 656 1243 719 demonstra-

172 765 286 829 vimus.
332 783 458 828 summa
481 764 514 826 vi
537 763 576 826 ab
600 765 746 846 utrisque
769 763 979 827 contenditur.
1025 763 1271 830 laborantibusa

142 871 289 937 anostris
313 868 428 935 Caesar
444 871 620 934 Germanos
644 870 803 934 submittit
825 870 1030 953 legionesque
1051 889 1107 953 pro
1132 871 1243 933 castris

172 977 351 1060 constituit,
373 997 416 1042 ne
433 998 497 1061 qua
513 977 619 1041 subito
636 977 778 1060 inruptio
803 977 842 1039 ab
859 978 997 1040 hostium
1014 975 1157 1060 peditatu
1179 975 1242 1039 fiat.

172 1084 328 1168 praesidio
352 1085 520 1168 legionum
543 1083 650 1147 addito
674 1083 791 1147 uostris
816 1084 940 1146 animus
964 1088 1111 1166 augetur:
1135 1083 1270 1151 hostese

171 1190 209 1254 iu
234 1190 342 1275 sugam
374 1193 509 1255 coniecti
541 1211 575 1255 se
608 1191 670 1274 ipsi
701 1190 907 1254 multitudine
939 1189 1119 1273 impediunt
1147 1195 1242 1271 atque

173 1297 409 1381 angustioribus
440 1299 539 1381 portis
571 1298 690 1360 relictis
719 1302 909 1360 coartantur.
958 1295 1108 1360 Germani
1137 1297 1270 1363 acriusr

130 1422 275 1485 reusque
298 1404 338 1467 ad
362 1405 559 1469 munitiones
582 1409 770 1485 sequuntur.
817 1403 853 1467 fit
877 1422 994 1486 magna
1022 1404 1147 1482 caedes,
1176 1422 1269 1470 nona

172 1509 255 1573 nulli
277 1512 396 1574 relictis
420 1514 512 1594 equis
534 1513 652 1575 fossam
675 1511 810 1574 transire
834 1515 866 1573 et
887 1511 1057 1574 maceriam
1081 1515 1243 1572 transcen·

173 1616 248 1681 dere
273 1624 438 1683 conantur.
483 1619 617 1702 paulum
644 1618 787 1701 legiones
811 1616 938 1699 Caesar,
968 1636 1047 1698 quas
1074 1635 1130 1700 pro
1158 1616 1241 1679 vallo

173 1726 393 1808 constituerat,
417 1727 600 1810 promoveri
621 1725 719 1788 iubet.
765 1743 830 1787 non
854 1726 961 1787 minus
986 1724 1042 1807 qui
1065 1724 1151 1786 intra
1172 1742 1269 1791 mu=c

172 1831 310 1897 uitiones
334 1837 426 1896 erant
450 1832 534 1897 Galli
557 1831 797 1916 perturbantium
827 1832 932 1895 veniri
955 1831 996 1893 ad
1019 1850 1052 1894 se
1077 1831 1243 1894 confestim

133 1961 160 2004 ra
174 1939 394 2003 existimantes
417 1939 458 2002 ad
481 1960 569 2003 arma
591 1939 804 2019 conclamant3
833 1958 899 2001 non
922 1939 1004 2001 nulli
1027 1939 1185 2020 perterriti
1208 1938 1243 1999 in
1321 2002 1323 2008 ,

174 2045 327 2128 oppidum
353 2047 552 2130 inrumpunt.
597 2047 845 2129 Vercingetorix
875 2044 965 2109 iubet
993 2051 1101 2128 portas
1129 2044 1270 2126 claudia

173 2169 214 2215 ne
237 2157 338 2217 eastra
361 2154 533 2217 nudentur.
572 2154 682 2216 multis
702 2152 887 2233 interfectio,
911 2151 1130 2234 compluribus
1152 2153 1243 2234 equis

145 2259 272 2342 rcaptis
290 2257 440 2323 Germani
460 2279 529 2324 sese
548 2260 717 2342 recipiunt.
752 2257 1010 2340 Vercingetorirr,
1034 2259 1124 2340 prius
1146 2277 1243 2337 quam
1263 2277 1295 2329 71

172 2367 370 2432 munitiones
393 2368 431 2431 ab
455 2366 608 2431 Romanis
631 2365 850 2449 perficiantur,
878 2364 1046 2428 consilium
1071 2365 1154 2446 capit
1177 2383 1243 2426 om-

173 2490 247 2536 nem
268 2472 307 2536 ab
328 2494 362 2538 se
383 2475 562 2557 equitatum
581 2478 679 2536 noctu
695 2473 862 2536 dimittere,
899 2470 1137 2534 discedentibus
1152 2489 1269 2538 man-2

174 2578 241 2661 dat,
267 2585 304 2643 ut
331 2600 422 2644 suam
451 2583 585 2663 quisque
615 2599 724 2644 eorum
754 2580 913 2642 civitatem
941 2578 1033 2640 adeat
1059 2578 1242 2659 omnesque,

143 2686 230 2766 aqui
257 2707 315 2770 per
343 2693 476 2752 aetatem
506 2708 594 2750 arma
621 2688 703 2751 ferre
732 2687 867 2770 possint,
897 2686 937 2748 ad
965 2683 1085 2748 bellum
1113 2689 1240 2766 cogant3

174 2811 233 2855 sua
255 2795 289 2855 in
312 2794 383 2857 illos
406 2796 519 2858 merita
542 2794 691 2878 proponit
714 2793 965 2874 obtestaturque,
988 2796 1024 2854 ut
1039 2810 1115 2853 suae
1132 2790 1270 2858 salutisa

173 2900 329 2964 rationem
358 2900 497 2964 habeant
528 2921 593 2965 neu
626 2919 659 2964 se
688 2902 805 2983 optime
839 2899 878 2962 de
907 2899 1070 2961 communi
1099 2898 1242 2960 libertate

174 3007 323 3069 meritum
351 3007 497 3071 hostibus
525 3009 561 3071 in
589 3009 765 3070 cruciatum
794 3005 918 3070 dedant.
966 3004 1050 3086 qued
1079 3005 1106 3067 si
1135 3003 1242 3066 indili-
1296 3064 1299 3069 ⁴

171 3114 334 3195 gentiores
366 3114 498 3196 fuerint,
536 3114 624 3176 milia
658 3114 824 3176 hominum
861 3112 983 3176 delecta
1016 3110 1145 3175 LXXX
1179 3130 1244 3175 una

264 3362 297 3416 16
316 3362 501 3416 detinebantur
519 3369 536 3429 β

264 3469 308 3524 71).
328 3470 345 3522 3
363 3469 391 3521 in
409 3469 602 3538 longitudinem
620 3485 672 3522 ona
686 3475 703 3535 β
734 3468 742 3535 ll
775 3468 903 3536 bneque
923 3508 999 3520 .....
1019 3466 1217 3520 flammant
1235 3464 1243 3536 ll

172 3558 237 3610 let
254 3557 386 3624 nostrisss
427 3560 435 3627 ll
476 3558 580 3611 animus
601 3558 650 3625 Sss3
674 3557 770 3611 animis
790 3576 807 3608 α
848 3557 856 3625 ll
898 3559 924 3610 et
942 3557 1033 3610 hostes
1053 3557 1151 3622 sunta
1186 3557 1195 3624 ll
1227 3555 1243 3608 9

171 3648 326 3701 coartantur
342 3654 371 3714 β;
391 3648 537 3702 coaceruati
556 3649 613 3700 tum
633 3665 663 3713 ας
683 3648 871 3700 coaceruantur
889 3663 955 3699 rece.
989 3647 997 3714 ll
1031 3645 1064 3699 10
1082 3643 1243 3696 munitiones

173 3753 205 3803 α;
223 3742 350 3803 ωυτοεβ
380 3737 389 3805 ΙΙ
420 3738 628 3805 persecunturss
660 3735 668 3803 ll
701 3737 732 3788 11
753 3735 891 3788 materiam
905 3755 922 3786 α
955 3736 963 3803 ll
995 3734 1029 3786 12
1042 3733 1180 3801 paululum
1195 3731 1243 3803 nl

176 3824 210 3876 14
228 3825 416 3893 perturbantur
434 3825 497 3895 galli
516 3845 533 3876 o
565 3828 573 3895 ll
605 3825 696 3878 uenire
716 3844 733 3875 o
766 3824 774 3893 ll
808 3825 840 3878 16
859 3826 948 3892 portas
966 3823 1075 3888 iubeto

265 3933 309 3987 71.
330 3932 346 3984 2
365 3939 415 3999 ad
446 3932 455 4000 ΙΙ
488 3933 572 3999 ‘dati
604 3933 612 4001 ll
645 3932 819 3985 demitterere
856 3933 864 3995 ll
901 3931 1032 3983 ladeaut
1051 3929 1112 3981 HM
1140 3930 1149 3997 ll
1181 3930 1242 3982 45

173 4036 267 4075 omnes
286 4022 366 4090 quia
396 4023 405 4091 ll
438 4024 581 4091 5possent
600 4041 617 4072 n
649 4021 657 4089 ll
690 4022 767 4089 cogat
785 4019 823 4072 A*
859 4019 867 4086 ll
905 4020 991 4086 oque
1011 4025 1100 4085 onass
1136 4018 1144 4086 ll
1182 4019 1242 4072 7.8

175 4109 208 4164 de
227 4112 361 4164 communi
378 4111 498 4166 libertate
517 4112 615 4180 optime
634 4110 758 4163 meritum
777 4109 805 4161 in
824 4108 971 4162 cruciatum
990 4108 1110 4161 hostibus
1128 4115 1145 4175 β
1181 4112 1190 4175 lt
1226 4108 1243 4161 8

175 4196 228 4263 oui
246 4199 304 4267 sid
335 4202 344 4266 ΙΙ
376 4201 517 4255 anxxx
536 4200 673 4266 delectari
704 4199 712 4268 ll
744 4214 798 4251 una
816 4204 905 4264 onass
