2886 4666
221 289 284 350 134
618 303 724 356 BELLI
743 302 885 356 GALLICI

218 466 289 549 peio
312 466 503 548 proconsule
526 467 617 548 petit,
647 467 797 547 quoniam
825 468 892 550 ipse
922 467 962 528 ad
985 466 1098 530 urbem
1126 486 1200 528 cum
1228 467 1286 527 im-

217 573 306 655 perio
335 573 383 635 rei
409 572 556 656 publicae
588 592 684 635 causa
712 579 902 655 remaneret,
936 592 1016 654 quos
1049 591 1089 635 ex
1124 573 1313 655 Cisalpinae

220 678 321 742 Gallia
345 680 456 743 consul
480 684 677 743 sacramento
701 685 855 762 rogasset,
880 678 919 742 ad
944 681 1035 762 signa
1059 679 1232 743 convenire
1256 685 1287 742 et

191 784 259 851 aad
291 806 324 850 se
356 786 514 869 proficisci
541 786 678 868 iuberet,
710 788 818 869 magni
844 788 997 850 interesse
1027 787 1123 849 etiam
1151 786 1187 848 in
1214 786 1287 849 reli-

219 913 320 974 quum
352 905 476 977 tempus
509 893 549 957 ad
582 895 765 977 opinionem
799 893 920 957 Galliae
959 893 1146 955 existimans
1184 898 1287 956 tantas

218 1000 321 1063 videri
344 1000 453 1063 ltaliae
476 1000 657 1081 facultateS,
680 1005 728 1082 ut,
752 1001 780 1063 si
805 1001 881 1083 quid
906 1004 989 1063 esset
1017 1000 1052 1061 in
1079 999 1162 1062 bello
1192 1000 1287 1062 detri-

217 1108 318 1169 menti
343 1113 519 1190 acceptum,
542 1126 608 1170 non
631 1105 726 1170 modo
750 1107 784 1168 id
806 1106 897 1169 brevi
919 1111 1061 1189 tempore
1085 1107 1206 1188 sarciri,
1231 1106 1287 1169 sed
1302 1129 1329 1170 ιο

190 1214 313 1278 retiam
340 1213 515 1277 maioribus
543 1215 651 1297 augeri
681 1215 780 1296 copiis
812 1219 925 1296 posset
978 1212 1063 1294 quod
1091 1233 1165 1275 cum
1193 1211 1287 1275 Pom-

217 1320 310 1403 peius
334 1325 366 1382 et
387 1321 435 1383 rei
458 1320 605 1403 publicae
629 1326 660 1384 et
676 1320 835 1384 amicitiae
851 1319 1028 1401 tribuisset,
1051 1320 1196 1383 celeriter
1212 1339 1287 1382 con-

217 1427 299 1490 fecto
331 1447 388 1511 per
420 1446 495 1491 suos
533 1427 651 1491 dilectu
683 1427 785 1490 tribus
817 1432 889 1490 ante
918 1433 1063 1490 exactam
1091 1426 1228 1489 hiemem
1257 1431 1287 1489 et

218 1535 397 1597 constitutis
421 1540 452 1598 et
476 1533 621 1597 adductis
644 1534 824 1617 legionibus
848 1533 1073 1616 duplicatoque
1101 1551 1211 1595 earum
1235 1552 1286 1596 eo-

218 1642 358 1704 hortium
381 1659 528 1724 numero,
554 1661 632 1723 quas
656 1660 729 1703 cum
754 1639 788 1715 Q.
812 1640 932 1703 Titurio
957 1642 1117 1723 amiserat,
1146 1646 1177 1704 et
1205 1640 1327 1712 cele-15

218 1749 310 1812 ritate
344 1753 376 1810 et
408 1749 507 1831 copiis
541 1749 663 1830 docuit,
698 1749 776 1830 quid
808 1748 918 1831 populi
950 1746 1086 1811 Romani
1119 1747 1287 1830 disciplina

218 1860 313 1936 atque
337 1874 412 1936 opes
435 1861 571 1937 possent.

181 1972 200 2026 2
307 1961 478 2024 interfecto
493 1961 726 2044 Indutiomaro,
750 1966 787 2024 ut
810 1961 989 2045 docuimus,
1014 1960 1053 2023 ad
1073 1962 1143 2025 eius
1158 1964 1312 2044 propin-1

220 2085 299 2148 quos
322 2088 341 2129 a
363 2068 509 2132 Treveris
531 2069 702 2151 imperium
727 2069 872 2132 defertur.
918 2068 967 2131 illi
985 2067 1139 2132 finitimos
1156 2069 1286 2132 Germa-

191 2193 278 2243 2nos
301 2175 471 2238 sollicitare
499 2181 531 2238 et
552 2177 721 2258 pecuniam
744 2176 887 2258 polliceri
910 2195 974 2238 non
999 2175 1165 2238 desistunt.
1212 2195 1286 2238 oum

219 2301 238 2343 a
269 2283 426 2364 proximis
457 2283 627 2364 impetrare
659 2302 724 2345 non
757 2288 898 2366 possent,
927 2282 1094 2345 ulteriores
1122 2287 1285 2364 temptant.

218 2389 358 2452 inventis
380 2389 569 2453 nonnullis
592 2390 773 2453 civitatibus
796 2391 865 2453 iure
889 2388 1023 2452 iurando
1046 2391 1130 2452 inter
1154 2409 1186 2453 se
1210 2409 1313 2452 con-s

217 2494 346 2558 firmant
369 2495 598 2579 obsidibusque
623 2497 662 2560 de
685 2497 821 2578 pecunia
837 2502 963 2574 cavent3
988 2495 1208 2577 Ambiorigem
1224 2495 1285 2558 sibi

189 2630 205 2671 3
219 2603 368 2665 societate
391 2609 422 2666 et
444 2603 570 2667 foedere
586 2603 772 2686 adiungunt.
812 2603 929 2683 quibus
944 2602 1040 2666 rebus
1057 2603 1191 2685 cognitis
1208 2602 1285 2666 Cae-

218 2729 280 2791 sar,
305 2728 378 2771 cum
400 2711 545 2791 undique
569 2709 688 2772 bellum
714 2710 820 2792 parari
847 2709 982 2791 videret,
1009 2709 1040 2772 N
1042 2711 1157 2791 ervioS,
1185 2711 1285 2773 Atua-

219 2822 322 2898 tucoS,
345 2815 509 2899 Menapios
533 2818 691 2880 adiunctis
716 2816 919 2879 Cisrhenanis
943 2815 1091 2878 omnibus
1116 2815 1285 2880 Germanis

149 2938 150 2941 ’
219 2941 288 2986 esse
311 2924 346 2985 in
370 2925 478 3007 armis,
503 2923 645 2987 Senones
668 2923 708 2986 ad
729 2925 919 3006 imperatum
941 2942 1006 2985 non
1022 2925 1133 2987 venire
1157 2930 1189 2988 et
1211 2945 1285 2988 cum
1300 2944 1326 2985 io

219 3028 413 3092 Carnutibus
435 3029 642 3113 finitimisque
671 3029 852 3093 civitatibus
880 3030 1013 3092 consilia
1041 3034 1285 3113 communicare,

219 3135 402 3199 aTreveris
427 3135 601 3200 Germanos
629 3137 748 3201 crebris
775 3138 989 3220 legationibus
1018 3138 1192 3221 sollicitari,
1220 3159 1285 3200 ma-

178 3261 200 3315 3
218 3243 322 3304 turius
346 3242 406 3305 sibi
430 3242 469 3305 de
491 3242 575 3306 bello
600 3244 804 3327 cogitandum
826 3247 958 3327 putavit.
1005 3244 1118 3326 Itaque
1140 3244 1311 3308 nondmn1

218 3349 322 3411 hieme
346 3349 488 3412 confecta
510 3352 665 3432 proximis
679 3352 746 3414 IIII
770 3352 886 3414 coactis
909 3351 1089 3434 legionibus
1113 3350 1151 3415 de
1168 3352 1285 3435 impro-

188 3457 287 3524 2viso
311 3456 347 3517 in
369 3454 449 3519 fines
471 3456 664 3519 Nerviorum
687 3459 851 3521 contendit
874 3463 917 3541 et,
940 3459 1030 3541 prius
1055 3479 1151 3539 quam
1167 3458 1213 3521 illi
1231 3463 1285 3521 aut

218 3563 391 3626 convenire
426 3567 481 3625 aut
511 3563 680 3648 profugere
711 3571 851 3647 possent,
884 3585 999 3649 magno
1032 3551 1156 3649 pecoris
1190 3570 1285 3647 atque

307 3776 418 3842 epotiit
439 3775 499 3828 HM
531 3773 539 3846 ΗΗ
576 3776 798 3844 bremancbetss
838 3775 846 3847 ΗΗ
888 3777 1016 3831 boonsul
1039 3776 1143 3843 Oeace,
1168 3775 1284 3829 consulis

217 3863 247 3916 X
281 3862 289 3935 ΗΗ
326 3864 472 3932 rogauissct
492 3885 508 3915 c
545 3863 553 3936 ΗΗ
592 3864 625 3919 10
643 3865 765 3918 resarciri
784 3885 801 3916 c
838 3863 846 3935 ΗΗ
884 3867 915 3917 11
936 3866 1026 3934 augeri
1046 3866 1088 3932 af,
1113 3865 1238 3934 adaugeri
1256 3872 1284 3932 β;

217 3971 309 4007 noune
327 3953 449 4007 delenit?
485 3952 493 4025 ΗΗ
531 3955 565 4007 13
583 3953 689 4007 hiemen
712 3953 773 4018 Qau

306 4043 531 4111 2.1indu0.2f
562 4041 571 4114 ΗΗ
608 4043 748 4096 ‘ltreuin's
767 4061 802 4114 ρα
838 4042 846 4115 ΗΗ
883 4045 950 4096 dab
971 4063 988 4094 c
1024 4042 1032 4115 ΗΗ
1070 4045 1135 4098 {lac
1149 4045 1284 4113 menapios

219 4150 236 4180 c
281 4129 289 4201 ΗΗ
335 4131 370 4184 10
393 4139 544 4198 senonasfl
589 4130 597 4202 ΗΗ
645 4134 675 4184 11
701 4133 851 4186 carnotibus
876 4152 897 4184 π
942 4131 950 4203 ΗΗ
998 4133 1030 4186 12
1054 4134 1086 4186 ab
1106 4153 1139 4201 n,
1164 4135 1210 4188 abs
1234 4155 1249 4203 ρ
1276 4131 1284 4204 ΗΗ

217 4220 323 4272 treuiris
343 4237 377 4290 ρα
