2886 4666
496 333 603 386 LIBER
622 333 654 386 V.
675 333 750 386 ΟΑΡ.
771 335 893 388 53-56.
1164 319 1233 380 131·

160 500 228 558 turn
252 495 336 579 apud
360 465 505 559 homines
531 496 681 559 barbaros
709 497 811 559 valuit
838 515 907 561 esse
935 497 1058 580 aliquos
1086 502 1227 579 repertos

158 603 319 686 principes
346 602 423 666 belli
450 604 608 666 inferendi
636 608 820 686 tantamque
849 603 998 667 omnibus
1026 603 1226 667 voluntatum

11 795 13 799 ἶ
120 733 145 774 15
160 712 440 773 commutationem
474 711 590 793 attulit,
629 715 664 772 ut
695 716 822 792 praeter
853 709 1006 774 Haeduos
1038 716 1070 774 et
1101 709 1225 793 Remos

160 835 240 899 qnos
262 819 433 899 praecipuo
458 836 582 899 semper
603 816 724 880 honore
745 815 860 880 Caesar
883 817 1007 899 habuit,
1030 818 1146 881 alteros
1169 837 1225 900 pro

158 928 265 987 vetere
289 943 325 985 ao
349 929 501 1006 perpetua
524 943 599 1007 erga
622 924 777 1006 populum
800 923 981 987 Romanum
1008 923 1082 1006 fide,
1111 924 1226 987 alteros

158 1049 215 1113 pro
239 1030 422 1094 recentibus
446 1031 561 1094 Gallici
577 1031 654 1093 belli
670 1029 795 1112 officiiS,
819 1031 908 1093 nulla
922 1032 988 1093 fere
1004 1032 1115 1093 civitas
1130 1031 1227 1093 fuerit

158 1156 223 1199 non
247 1142 393 1220 suspecta
416 1136 518 1200 nobis.
565 1136 663 1220 idque
687 1138 765 1200 adeo
793 1137 880 1199 hand
908 1138 972 1200 scio
1000 1137 1253 1201 mirandumnoe

117 1264 144 1306 20
159 1245 210 1324 sit,
235 1263 308 1306 curn
332 1244 551 1326 compluribus
576 1244 646 1308 aliis
670 1244 709 1308 de
733 1244 852 1322 causis,
877 1250 945 1307 tum
961 1246 1114 1327 maxime,
1140 1243 1225 1326 quod

160 1352 215 1433 qui
239 1352 356 1414 virtute
378 1350 455 1414 belli
479 1351 628 1413 omnibus
644 1350 792 1434 gentibus
809 1351 1077 1433 praeferebantur,
1101 1356 1225 1414 tantum

158 1477 191 1521 se
216 1458 287 1520 eius
311 1458 471 1540 opinionis
496 1458 724 1540 deperdidisse,
748 1463 785 1520 ut
806 1458 917 1541 populi
935 1457 1070 1520 Romani
1093 1459 1226 1541 imperia

157 1563 346 1646 perterrent,
368 1565 555 1646 gravissime
579 1564 735 1628 dolebant.

133 1693 144 1732 1
247 1671 375 1734 Treveri
398 1690 474 1735 vero
495 1676 589 1753 atque
605 1671 843 1734 Indutiomarus
859 1673 956 1734 totius
971 1672 1084 1735 hiemis
1099 1671 1226 1734 nullum
1244 1675 1280 1740 aa

159 1784 284 1861 tempus
307 1780 563 1860 intermiserunt,
592 1779 670 1859 quin
693 1783 781 1841 trans
804 1777 953 1841 Rhenum
976 1779 1096 1862 legatos
1122 1780 1226 1841 mitte-

158 1891 242 1967 rent,
267 1886 413 1949 civitates
437 1886 655 1967 sollicitarent,
679 1887 832 1968 pecunias
847 1886 1087 1969 pollicerentur,
1110 1905 1227 1970 magna

158 1997 247 2075 parte
272 1993 432 2056 exercitus
455 1994 555 2054 nostri
577 1992 743 2056 interfecta
764 1993 865 2055 multo
882 1994 1038 2056 minorem
1061 2012 1225 2076 superesse

131 2099 301 2162 adicerent
316 2103 445 2182 partem.
492 2117 597 2182 neque
625 2105 731 2163 tamen
759 2099 818 2161 ulli
847 2101 967 2163 civitati
995 2100 1253 2163 Germanornma

159 2205 345 2289 persuaderi
368 2208 486 2288 potuit,
510 2211 546 2268 ut
568 2204 716 2270 Rhenum
741 2207 903 2288 transiret,
931 2226 1005 2268 cnm
1033 2225 1066 2268 se
1094 2207 1143 2269 bis
1171 2226 1226 2270 ex-

158 2317 265 2395 pertos
294 2313 448 2394 dicerent,
476 2314 629 2375 Ariovisti
657 2312 739 2375 bello
767 2318 798 2375 et
824 2313 1048 2376 Tencterorum
1075 2315 1223 2375 transitu:

158 2439 223 2482 non
248 2439 316 2483 esse
341 2420 477 2502 amplius
506 2420 667 2482 fortunam
695 2425 911 2502 temptaturos.
958 2420 1017 2506 hac
1041 2439 1095 2502 spe
1119 2419 1253 2502 lepsnse

158 2527 397 2590 Indutiomarus
421 2528 522 2590 nihilo
538 2528 646 2589 minus
666 2528 771 2610 copias
787 2546 913 2610 cogere,
937 2544 1097 2606 exercere,
1122 2525 1225 2587 afini-

118 2635 244 2696 intimis
268 2652 368 2714 equos
392 2653 515 2715 parare,
544 2634 655 2697 exules
684 2635 913 2715 damnatosque
941 2638 1006 2696 tota
1030 2632 1132 2695 Gallia
1159 2653 1225 2694 ma-

158 2742 229 2822 gnis
251 2741 400 2823 praemiis
424 2740 521 2803 adse
545 2741 683 2804 adlicere
707 2742 817 2823 coepit.
864 2759 901 2801 ao
929 2744 1049 2801 tantam
1077 2738 1138 2802 sibi
1160 2740 1253 2802 iamt

159 2847 207 2908 his
229 2847 326 2909 rebus
350 2848 383 2908 in
402 2847 504 2909 Gallia
524 2849 740 2911 auctoritatem
758 2852 1005 2929 comparaverat,
1030 2851 1066 2908 ut
1082 2846 1224 2926 undique

158 2954 197 3015 ad
221 2973 295 3016 eum
318 2954 494 3036 legationes
518 2959 757 3032 concurrerent,
781 2954 914 3035 gratiam
933 2959 1028 3035 atque
1053 2954 1224 3015 amicitiam

131 3058 284 3141 rpublice
309 3061 521 3141 privatimque
544 3065 694 3142 peterent.
740 3060 805 3122 Ubi
829 3060 989 3124 intellexit
1016 3061 1098 3123 ultro
1127 3060 1167 3123 ad
1190 3079 1224 3124 se
1242 3073 1279 3128 56

157 3168 274 3247 veniri,
303 3167 401 3229 altera
429 3186 471 3229 ex
498 3170 585 3249 parte
613 3165 754 3230 Senones
783 3166 1003 3249 Carnutesque
1030 3169 1225 3231 conscientia

156 3273 306 3336 facinoris
341 3274 499 3356 instigari,
532 3273 631 3337 altera
665 3272 801 3337 Nervios
830 3276 1071 3357 Atuatucosqne
1104 3274 1224 3338 bellum

157 3380 308 3443 Romanis
335 3401 447 3463 parare
470 3399 574 3461 neque
602 3381 662 3443 sibi
692 3381 945 3444 voluntariorum
973 3383 1080 3465 copias
1109 3381 1224 3461 defore,

130 3489 184 3549 osi
207 3508 248 3550 ex
271 3487 391 3551 finibus
415 3489 481 3550 suis
504 3488 653 3570 progredi
677 3489 844 3570 coepisset,
873 3494 1030 3551 armatum
1053 3489 1225 3551 concilium

247 3718 280 3770 13
299 3717 400 3785 aliquos
419 3733 513 3787 essep
545 3717 553 3785 ΗΗ
587 3719 620 3770 14
638 3717 768 3770 inferendi
786 3717 849 3770 belli
863 3737 880 3768 a
912 3719 920 3785 Η
953 3719 1105 3782 omniumr?
1136 3717 1145 3784 ΗΗ
1176 3733 1224 3770 uo-

157 3805 289 3859 luntatum
303 3806 383 3874 be
402 3807 566 3860 uoluntatem
586 3825 620 3876 (p,
640 3806 820 3872 uoluntatisp
852 3806 860 3873 Η
893 3806 927 3859 20
946 3823 1007 3858 oum
1026 3813 1108 3872 omli
1140 3808 1148 3876 ΗΗ
1181 3806 1224 3859 20.

157 3895 188 3947 21
210 3896 279 3963 quod
298 3896 323 3947 ei
342 3897 386 3963 qui
407 3917 423 3947 u
456 3899 464 3960 Η
497 3896 530 3947 22
549 3896 640 3964 populi
658 3896 760 3948 romani
780 3896 835 3961 (uel
854 3913 878 3962 .p
891 3898 928 3962 r.)
950 3895 999 3961 Sp,
1019 3911 1035 3947 a
1053 3895 1082 3946 P.
1096 3895 1127 3947 R.
1149 3916 1166 3946 u

244 3986 290 4039 55.
312 3987 324 4037 l
345 3986 439 4037 treuiri
458 3984 546 4051 obsti)
579 3986 587 4053 ΗΗ
620 3986 799 4039 btransirent
823 3985 900 4038 Voso.
934 3986 942 4053 ΗΗ
979 3985 1224 4038 7thinctherorum

157 4093 187 4141 u,
206 4075 390 4128 tencharorum
410 4093 431 4125 π
463 4075 471 4141 ΗΗ
503 4074 598 4127 8esse
616 4074 655 4140 X,
675 4091 734 4127 sese
754 4074 817 4126 HM
853 4075 861 4143 Η
903 4075 1084 4142 temptandam
1103 4094 1125 4125 π
1162 4075 1170 4143 ΗΗ
1207 4075 1225 4128 9

156 4164 353 4217 induciomarus
367 4163 406 4231 pf
433 4164 441 4230 ΗΗ
475 4163 595 4215 ratisb
627 4165 635 4232 ΗΗ
667 4163 694 4214 in
713 4163 854 4230 galliamp

244 4253 290 4307 56.
311 4252 326 4304 2
346 4256 518 4320 carnotesque
539 4271 560 4302 π
592 4255 600 4322 Η
633 4252 793 4320 3instigare
812 4252 858 4319 Αβ
886 4253 895 4319 Η
927 4254 1124 4321 aduatucosque
1144 4273 1160 4304 u

1027 4343 1062 4396 9*
