2886 4666
514 309 621 362 LIBER
640 309 671 362 V.
693 309 767 363 CAP.
790 309 906 362 12-16.
1029 340 1031 348 ‚
1183 293 1243 355 107

177 476 272 557 longe
295 479 370 536 sunt
392 473 618 536 humanissimi
638 473 694 555 qui
711 470 858 535 Cantium
876 472 1032 554 incolunt,
1058 473 1245 555 quaeregio

178 587 226 645 est
253 581 411 643 maritima
439 581 554 661 omnio,
586 598 691 661 neque
725 580 862 642 multum
895 599 913 641 a
942 579 1063 643 Gallica
1094 578 1246 660 differunt

178 688 416 752 consuetudine.
468 687 633 751 interiores
661 686 805 769 plerique
836 685 996 749 frumenta
1029 705 1095 748 non
1128 692 1296 768 serunta

145 796 233 860 used
256 796 336 859 lacte
360 800 392 858 et
414 813 509 858 earne
532 796 648 857 vivunt
666 793 867 876 pellibusque
885 799 960 856 sunt
978 794 1091 856 vestiti.
1135 802 1245 856 om'nes

178 922 253 967 vero
282 922 316 966 se
343 902 490 965 Britanni
518 903 601 964 vitro
630 900 791 982 inficiunt,
820 901 904 982 quod
935 900 1118 964 caeruleum
1148 900 1249 963 efficit.

178 1011 329 1091 colorem,
354 1013 450 1090 atque
474 1009 534 1072 hoc
556 1007 772 1072 horribiliores
800 1012 874 1071 sunt
903 1008 938 1070 in
966 1027 1073 1090 pugna
1101 1013 1246 1090 aspectu,

179 1117 359 1199 capilloque
382 1121 457 1179 sunt
479 1116 634 1199 promisso
659 1120 754 1198 atque
778 1116 866 1194 omni
889 1120 977 1198 parte
1006 1116 1147 1198 corporis
1174 1113 1273 1179 ras'aa

177 1228 302 1307 praeter
334 1228 430 1305 caput
458 1228 490 1286 et
516 1221 641 1285 labrum
673 1209 828 1305 superius.
879 1241 996 1285 uxores
1024 1221 1143 1286 habent
1171 1222 1273 1286 donia

138 1351 164 1393 ro
179 1330 383 1412 duodenique
415 1332 499 1393 inter
531 1349 564 1392 se
592 1347 778 1393 communes
806 1333 837 1392 et
864 1331 1004 1392 maxime
1031 1328 1143 1392 fratres
1171 1348 1244 1393 cunr

177 1437 328 1500 fratribus
355 1441 565 1520 parentesque
598 1456 672 1500 cum
700 1436 821 1517 liberis3
856 1436 913 1499 sed
946 1437 1001 1518 qui
1029 1442 1105 1499 suut
1137 1455 1178 1499 ex
1206 1437 1272 1502 iiso

177 1546 244 1608 nati
272 1563 381 1607 eorum
410 1543 567 1607 habentur
594 1543 700 1625 liberi,
729 1562 792 1624 quo
820 1545 959 1626 primum
983 1543 1072 1626 virgo
1098 1563 1244 1626 quaeque

179 1651 314 1714 deducta
338 1640 392 1714 est.

151 1779 163 1820 1
267 1759 400 1840 Equites
418 1759 558 1822 hostium
574 1758 788 1840 essedariique
805 1759 922 1822 acriter·
932 1757 1050 1841 proelio
1067 1776 1140 1820 cum
1156 1760 1244 1840 equi·
1264 1772 1299 1827 15

177 1869 245 1928 tatu
272 1870 379 1928 nostro
403 1866 437 1927 in
460 1866 571 1929 itinere
600 1865 828 1947 conflixerunt,
856 1867 901 1927 ita
929 1872 1048 1945 tamen,
1081 1870 1118 1927 ut
1145 1867 1244 1928 nostri

178 1971 327 2035 omnibus
354 1971 499 2055 partibus
527 1974 706 2055 superiores
733 1972 852 2036 fuerint
884 1977 981 2055 atque
1004 1991 1057 2035 eos
1086 1973 1119 2034 in
1148 1973 1245 2036 silvas

178 2079 338 2159 collesque
354 2079 577 2165 compulerintj
599 2079 656 2142 sed
672 2079 890 2162 compluribus
906 2079 1081 2144 interiectis
1098 2079 1245 2162 cupidius
1259 2101 1272 2144 2

147 2187 313 2249 sinsecuti
337 2204 401 2247 non
425 2186 531 2248 nullos
556 2204 597 2248 ex
620 2187 686 2248 suis
710 2186 892 2249 amiserunt.
939 2186 1041 2248 atilli
1065 2187 1272 2250 intermissos

177 2294 276 2376 spatio
301 2292 558 2375 imprudentibus
577 2294 693 2356 nostris
710 2297 804 2374 atque
824 2294 984 2375 occupatis
1008 2294 1041 2355 in
1065 2295 1244 2357 munitione

177 2404 352 2463 castrorum
377 2399 482 2462 subito
507 2418 540 2462 se
564 2420 606 2463 ex
629 2400 717 2462 silvis
741 2401 904 2463 eiecerunt
923 2400 1109 2482 impetuque
1132 2402 1164 2462 in
1191 2420 1245 2463 eos
1283 2467 1287 2473 ,

176 2507 272 2587 lactc,
297 2507 352 2587 qui
376 2511 467 2570 erant
489 2508 524 2568 iu
547 2507 683 2569 statione
710 2526 768 2589 pro
792 2508 903 2570 castris
932 2507 1102 2587 conlocati,
1131 2509 1246 2571 acriter

176 2619 414 2697 pugnaverunt,
438 2613 627 2695 duabusque
645 2614 750 2676 missis
766 2613 908 2676 subsidio
925 2613 1108 2677 cohortibus
1132 2634 1150 2676 a
1168 2613 1270 2679 Cae-4

135 2741 163 2783 10
178 2740 247 2784 sare
275 2728 370 2802 atque
398 2722 448 2784 his
476 2721 586 2803 primis
614 2721 778 2804 legionum
807 2720 956 2802 duarum,
989 2741 1063 2783 cum
1091 2740 1146 2784 eae
1175 2741 1245 2804 per-

178 2829 295 2911 exiguo
319 2828 500 2891 intermisso
523 2827 587 2890 loci
611 2829 710 2911 spatio
737 2829 821 2890 inter
848 2847 882 2890 se
905 2828 1133 2909 constitissent,
1161 2847 1244 2890 novo

176 2954 292 3017 genere
316 2955 440 3018 pugnae
463 2936 638 3018 perterritis
665 2936 783 2997 nostris
806 2954 863 3017 per
886 2934 1009 2997 medios
1032 2935 1244 2998 audacissime

176 3047 389 3125 perruperunt
420 3061 519 3124 seque
551 3041 626 3105 inde
658 3043 835 3105 incolumes
868 3047 1064 3125 receperunt.
1122 3060 1159 3105 eo
1193 3043 1271 3107 dies

178 3146 212 3223 Q.
241 3148 394 3211 Laberius
421 3149 544 3229 Durus,
576 3148 725 3211 tribunus
757 3149 910 3230 militum,
943 3148 1139 3213 interficitur.
1195 3150 1244 3212 illi

148 3255 323 3338 rpluribus
355 3254 521 3318 submissis
550 3254 731 3318 cohortibus
764 3255 971 3338 repelluntur.
1017 3256 1094 3319 Toto
1123 3256 1183 3319 hoc
1209 3257 1243 3318 in
1264 3265 1299 3319 16

177 3381 294 3444 genere
321 3382 461 3445 pugnae,
490 3382 563 3426 cum
591 3361 651 3425 sub
681 3363 781 3425 oculis
809 3364 953 3425 omnium
982 3381 1018 3426 ac
1045 3383 1102 3445 pro
1132 3363 1244 3426 castris
1273 3355 1275 3359 ’

267 3594 393 3645 {lanam
410 3611 427 3643 n
463 3593 472 3660 11
509 3592 612 3646 duitro
630 3599 657 3659 β;
681 3591 752 3646 ultro
772 3612 789 3643 a
826 3593 834 3661 11
872 3592 1085 3646 ihorribiliores
1107 3599 1136 3659 β;
1159 3593 1244 3646 horri-

176 3681 263 3734 diores
284 3701 300 3732 n
333 3681 341 3750 11
372 3681 695 3749 8atqueu3etal11(p?)
728 3683 736 3746 11
770 3682 803 3737 10
817 3696 971 3736 commrmcs
990 3681 1059 3735 inter
1078 3688 1138 3748 sep
1169 3681 1177 3748 11
1211 3683 1243 3734 11

176 3770 223 3838 qui
237 3770 308 3839 xSfb
328 3770 350 3824 si
370 3770 415 3839 qui
434 3769 493 3822 ΒΜ
521 3771 530 3836 11
562 3769 638 3837 hisp
670 3771 678 3838 11
711 3770 1013 3839 12.13quoprimum
1031 3770 1106 3839 uirgo
1125 3786 1244 3839 quaeque

175 3859 290 3912 deducta
303 3861 393 3927 (ducta
407 3860 439 3927 S)
453 3862 495 3913 est
508 3877 539 3926 n;
558 3859 653 3927 quibus
666 3859 750 3927 primo
764 3859 880 3928 uirgines
893 3875 1013 3928 quaeque
1033 3860 1127 3913 ductae
1147 3862 1209 3913 sunt
1227 3867 1245 3927 β

267 3968 311 4021 Ιέ).
333 3968 346 4019 l
366 3965 465 4035 proelio
484 3966 539 4033 Ap3
567 3966 696 4034 proelium
716 3985 732 4018 a
774 3967 782 4034 11
824 3966 899 4019 ana
917 3983 970 4020 om.
990 3986 1008 4018 a
1049 3971 1058 4035 11
1100 3968 1180 4022 3eos
1194 3973 1244 4036 χβ;

175 4071 304 4124 οηιηοεφ
336 4055 344 4123 11
378 4056 411 4110 10
429 4055 462 4108 iis
482 4055 518 4108 alr
549 4057 558 4125 11
590 4055 656 4109 heae
676 4054 789 4124 (A?)Ss;
809 4055 875 4109 haec
889 4054 1000 4125 2(.2)pu;
1019 4056 1070 4110 hae
1082 4055 1143 4110 ΒΜ
1169 4055 1179 4127 1
1210 4057 1244 4113 11

176 4142 227 4198 loci
245 4144 295 4198 del.
314 4144 401 4213 Nipp.
434 4145 443 4213 11
476 4144 510 4197 12
528 4144 674 4212 perterritis
693 4144 767 4212 qu
786 4143 943 4213 pertemptis
962 4163 980 4197 a
1021 4144 1030 4213 11
1072 4144 1107 4198 14
1123 4142 1212 4211 lubian
1249 4150 1267 4173 ·²

167 4239 193 4299 ,β
224 4235 233 4302 11
266 4235 299 4288 15
318 4233 457 4287 submissis
477 4253 506 4301 a3
526 4233 680 4300 inn1issisp
1144 4254 1150 4267 ·
1228 4238 1231 4243 '
