2886 4666
512 327 618 380 LIBER
636 328 669 379 V.
690 327 765 380 CAP.
783 329 906 383 44-46.
1178 313 1240 374 125

127 514 159 557 ao
172 495 342 554 oumvcnto
376 490 555 554 subsidium
587 492 649 553 fert
680 489 787 572 Pullo,
820 496 914 573 atque
943 490 1036 553 ambo
1065 491 1242 554 incolumes

172 597 391 680 compluribus
414 597 587 660 interfectis
611 617 735 660 summa
759 617 834 661 cum
857 598 951 660 laude
970 617 1039 661 sese
1064 598 1149 660 intra
1171 617 1242 659 mu-

172 705 313 767 nitiones
336 704 502 786 recipiunt.
549 705 595 774 sic
610 705 737 766 fortuna
752 705 787 766 in
804 705 1005 768 contentione
1022 709 1053 767 et
1069 706 1241 768 certamine
1257 727 1283 767 rr

173 815 345 893 utrumque
369 811 518 892 versavit,
542 814 578 872 ut
601 811 680 873 alter
703 811 792 873 alteri
814 811 963 874 inimicus
987 811 1109 873 auxilio
1134 811 1242 873 saluti-

174 909 236 1000 que
261 922 344 981 esset
365 936 470 998 neque
494 917 663 979 diiudicari
686 922 806 999 posset,
831 922 903 980 uter
926 919 990 980 utri
1014 919 1130 980 virtute
1155 924 1242 981 ante-

128 1024 323 1090 soferendus
346 1024 515 1087 videretur.

148 1157 160 1197 1
264 1128 389 1204 Quanto
414 1132 531 1194 eratin
548 1131 615 1193 dies
630 1131 759 1213 gravior
774 1136 869 1212 atque
886 1132 1025 1214 asperior
1041 1133 1242 1214 oppugnatio,
1261 1145 1297 1198 45

174 1242 207 1302 et
228 1239 368 1300 maxime
392 1237 477 1320 quod
496 1257 612 1320 magna
630 1242 718 1320 parte
738 1237 875 1300 militum
895 1237 1038 1301 confecta
1053 1238 1243 1300 vulneribus

174 1364 226 1408 res
250 1345 289 1407 ad
312 1345 503 1426 paucitatem
520 1344 723 1407 defensorum
739 1349 940 1427 pervenerat,
964 1349 1051 1408 tanto
1069 1345 1243 1410 crebriores

174 1451 297 1515 litterae
321 1452 490 1533 nuntiique
515 1450 555 1513 ad
579 1449 745 1514 Caesarem
763 1451 984 1530 mittebantur;
1011 1471 1147 1533 quorum
1170 1473 1243 1536 pars

145 1558 373 1641 adeprehensa
394 1559 430 1619 in
453 1563 626 1640 conspectu
644 1563 827 1621 nostrorum
846 1559 985 1620 militum
1008 1579 1082 1621 cum
1101 1561 1244 1622 cruciatu

176 1664 355 1727 necabatur.
394 1670 461 1727 erat
483 1684 567 1727 unus
585 1667 672 1728 intus
690 1665 841 1748 Nervius,
864 1666 994 1727 nomine
1014 1664 1150 1748 Venice,
1173 1667 1271 1729 locor

175 1776 270 1834 natus
292 1772 439 1852 honesto,
468 1773 524 1852 qui
548 1791 566 1833 a
588 1773 691 1853 prima
714 1771 879 1835 obsidione
903 1771 943 1834 ad
966 1770 1149 1835 Ciceronem
1173 1792 1244 1856 per-

175 1878 300 1961 fugerat
317 1898 472 1959 suamque
491 1879 520 1941 ei
539 1877 636 1941 fidem
652 1880 858 1961 praestiterat.
892 1879 943 1941 hic
964 1898 1055 1942 servo
1076 1899 1130 1962 spe
1148 1880 1271 1944 liber-3

176 1986 249 2047 tatis
276 1987 466 2068 magnisque
488 1986 659 2068 persuadet
681 1987 843 2069 praemiiS,
866 1991 902 2048 ut
924 1985 1045 2049 litteras
1069 1987 1109 2048 ad
1133 1985 1245 2051 Caesa·

135 2111 244 2156 rorem
268 2092 395 2155 deferat.
442 2093 498 2155 has
522 2092 576 2154 ille
599 2094 634 2154 in
656 2093 760 2155 iaculo
783 2092 931 2175 inligatas
960 2093 1049 2156 effert
1077 2099 1108 2156 et
1136 2093 1273 2158 Callusr

176 2200 261 2262 inter
294 2199 400 2262 Gallos
435 2200 503 2262 sine
532 2198 598 2261 ulla
625 2200 807 2281 suspicione
834 2205 978 2262 versatus
1011 2201 1050 2262 ad
1080 2198 1245 2264 Caesarem

176 2307 330 2387 pervenit.
378 2306 416 2369 ab
441 2325 477 2368 eo
499 2307 537 2368 de
556 2306 707 2387 periculis
727 2305 889 2369 Ciceronis
910 2306 1109 2388 legionisque
1129 2326 1272 2390 cogno-5

150 2413 283 2475 iscitur.
331 2412 446 2476 Caesar
469 2414 606 2495 acceptis
629 2412 742 2476 litteris
765 2413 843 2475 hora
867 2414 993 2476 circiter
1014 2413 1073 2476 XI.
1096 2414 1160 2476 diei
1183 2420 1245 2476 sta·
1263 2431 1306 2484 46*

177 2503 233 2582 tim
258 2521 408 2582 nuntium
431 2521 467 2582 in
490 2517 676 2582 Bellovacos
705 2519 745 2580 ad
772 2518 814 2582 M.
840 2518 988 2583 Crassum
1015 2521 1125 2600 mittit,
1154 2523 1245 2584 cuius

178 2626 311 2690 hiberna
334 2626 466 2690 aberant
488 2626 527 2688 ab
551 2646 588 2689 eo
612 2627 700 2688 milia
722 2645 874 2708 passuum
893 2627 1005 2706 XXV3
1030 2627 1119 2690 iubet
1141 2629 1273 2692 mediaa

177 2739 271 2796 nocte
294 2733 453 2815 legionem
477 2732 635 2815 proficisci
659 2733 866 2815 celeriterque
891 2734 988 2796 adse
1014 2735 1132 2796 venire.
1180 2735 1246 2797 exit

100 2823 103 2828 ¹
148 2857 253 2902 scum
284 2841 399 2903 nuntio
433 2838 572 2903 Crassus.
629 2840 764 2904 alterum
796 2842 835 2903 ad
874 2839 904 2903 C.
938 2840 1071 2902 Fabium
1106 2841 1273 2922 legatuma

118 3013 121 3022 ,
178 2947 287 3029 mittit,
310 2949 403 3009 utin
425 2947 628 3010 Atrebatium
651 2946 731 3010 fines
750 2947 908 3029 legionem
927 2947 1074 3029 adducat,
1100 2967 1163 3029 qua
1186 2948 1246 3011 sibi

179 3053 240 3115 iter
266 3053 448 3116 faciendum
475 3054 601 3117 sciebat.
653 3053 762 3116 scribit
790 3053 942 3136 Labieno,
972 3056 998 3116 si
1025 3056 1073 3117 rei
1100 3055 1274 3136 publicaer

179 3160 345 3224 commodo
368 3160 472 3224 facere
495 3163 607 3244 possit,
636 3181 710 3224 cum
732 3161 858 3243 legione
887 3161 925 3222 ad
949 3160 1030 3225 fines
1053 3161 1247 3225 Nerviorum

179 3267 293 3328 veniat.
342 3267 499 3348 reliquam
531 3272 654 3349 partem
686 3268 859 3349 exercitus,
894 3267 980 3348 quod
1012 3269 1106 3351 paulo
1139 3269 1247 3332 aberat

138 3372 320 3456 rolongius‚
352 3393 416 3435 non
449 3378 539 3456 putat
566 3374 810 3457 expectandam3
840 3377 963 3456 equites
992 3377 1116 3438 circiter
1145 3374 1245 3438 CCCC

269 3621 302 3674 25
321 3621 372 3673 fert
390 3621 538 3674 subsidium
557 3641 574 3672 α
607 3623 615 3689 b
648 3621 689 3675 26.
704 3622 737 3674 27
751 3622 820 3675 intra
834 3622 993 3675 munitiones
1007 3629 1064 3686 sed
1096 3623 1104 3688 b
1138 3620 1171 3673 28
1185 3637 1246 3673 uer·

178 3710 250 3764 scuit
270 3710 332 3780 (ita)
353 3710 415 3762 HM

268 3801 314 3854 45.
333 3799 351 3853 8
371 3815 499 3867 suamque
517 3799 557 3867 X3
577 3816 760 3868 summamque
779 3799 854 3853 Paul
886 3801 893 3867 b
926 3800 978 3867 hic]
998 3800 1094 3868 huicp
1126 3800 1135 3863 b
1169 3799 1202 3852 10
1222 3799 1247 3851 in

177 3896 268 3956 ouafl
300 3891 308 3958 b
341 3889 460 3955 adfertp
491 3890 499 3956 ll
533 3889 817 3957 12.13cognoscitpt

268 3979 314 4033 46.
336 3981 349 4031 1
371 3978 475 4031 circiter
493 3979 592 4044 herap
624 3979 631 4046 b
665 3978 886 4045 abellouagosp
923 3979 931 4041 Η
968 3980 1002 4029 rii.
1023 3993 1143 4030 crassum
1167 3994 1247 4046 quae·

179 4070 280 4122 storem
297 4068 379 4121 mittit
398 4087 415 4118 a
452 4070 460 4136 b
497 4066 679 4121 datrcbatum
699 4087 715 4117 c
752 4069 760 4135 ll
798 4067 932 4120 lsciebat
951 4084 1003 4119 ora.
1025 4087 1041 4117 a
1078 4069 1086 4131 tl
1123 4068 1248 4135 Sposset

178 4177 216 4228 ap
257 4158 266 4226 ll
306 4157 390 4226 possit
408 4159 508 4225 (posset
529 4158 555 4226 ρ)
579 4157 664 4209 lacere
686 4163 702 4222 β
743 4158 751 4224 Η
794 4157 827 4210 10
850 4157 1041 4224 expectandam
1062 4175 1093 4223 c3
1121 4173 1248 4210 exercen-

177 4249 276 4314 damss
