2886 4666
481 294 589 348 LIBER
606 295 681 348 Vin.
701 295 777 348 OAP.
798 295 919 348 12-15.
1168 279 1231 340 227

166 466 360 524 armatorum
389 478 446 542 pro
475 460 541 521 suis
568 459 732 521 instruunt
759 458 882 538 castris,
910 475 951 519 ne
978 457 1068 541 prius
1096 455 1232 520 Romani

125 590 151 632 io
165 568 314 649 persequi
338 585 371 630 se
394 567 583 649 inciperent,
613 584 709 647 quam
732 565 859 647 longius
887 584 1001 647 agmen
1024 564 1233 647 impedimen-

165 679 271 736 torum
299 693 431 737 suorum
459 673 672 756 processisset.
719 676 751 734 at
774 670 888 734 Caesar
916 689 1021 751 neque
1048 672 1261 734 resistentese

165 779 399 864 adgrediendos
426 783 513 843 tanto
547 778 635 841 collis
668 797 802 842 ascensu
829 778 1002 858 iudicabat,
1034 796 1139 859 neque
1167 797 1232 839 non

164 906 267 969 usque
295 907 332 951 eo
361 887 504 969 legiones
527 884 754 966 admovendas,
783 889 818 947 ut
842 885 1004 948 discedere
1033 904 1074 947 ex
1102 903 1138 947 eo
1163 885 1231 946 loco

165 994 233 1057 sine
262 994 401 1076 periculo
435 992 561 1055 barbari
588 991 743 1054 militibus
775 991 968 1055 instantibus
1000 1011 1065 1054 non
1095 997 1231 1074 possent.

125 1123 151 1165 15
165 1101 222 1182 ita,
251 1113 325 1163 cum
353 1099 468 1182 palude
497 1100 649 1182 impedita
673 1119 691 1160 a
714 1101 834 1162 castris.
849 1105 949 1162 castra
979 1098 1079 1161 dividi
1104 1098 1260 1179 rideretr

166 1227 247 1288 qnae
270 1206 457 1270 transeundi
481 1205 650 1268 difficultas
674 1205 867 1269 celeritatem
895 1205 1086 1286 insequendi
1110 1206 1244 1268 tardare

164 1319 283 1396 posset,
316 1319 411 1396 atque
438 1312 471 1376 id
499 1314 625 1395 iugum,
659 1314 744 1393 quod
772 1317 859 1376 trans
887 1312 1036 1395 paludem
1063 1331 1164 1396 paene
1193 1311 1233 1374 ad

165 1421 306 1484 hostium
330 1425 433 1483 castra
455 1421 640 1502 pertineret,
668 1419 820 1482 mediocri
842 1420 924 1483 valle
947 1440 965 1482 a
988 1421 1099 1482 castris
1124 1438 1233 1482 eorum

164 1529 350 1590 intercisum
375 1527 654 1608 animadverteret,
681 1525 832 1609 pontibus
858 1526 976 1610 palude
1004 1531 1162 1589 constrata
1188 1527 1233 1589 le-

125 1655 152 1698 20
164 1636 275 1717 giones
308 1634 445 1697 traducit
476 1634 684 1716 celeriterque
716 1634 751 1695 in
778 1653 936 1696 summam
968 1634 1132 1717 planitiem
1164 1635 1233 1717 iugi

164 1742 322 1824 pervenit,
348 1759 429 1823 quae
449 1740 564 1803 declivi
586 1740 713 1823 fastigio
738 1740 862 1804 duobus
882 1740 921 1803 ab
940 1740 1091 1804 lateribus
1110 1742 1234 1804 munie-

165 1847 265 1910 batur.
313 1847 359 1909 ibi
387 1847 568 1931 legionibus
596 1847 760 1910 instructis
788 1847 827 1910 ad
855 1848 1005 1910 ultimum
1028 1849 1141 1931 iugum
1163 1865 1261 1930 per-a

165 1955 252 2016 venit
281 1956 448 2036 aciemque
472 1973 509 2017 eo
534 1954 602 2016 loco
632 1955 810 2035 constituit,
843 1955 928 2017 unde
958 1959 1113 2018 tormento
1138 1957 1234 2018 missa

140 2061 228 2124 rtela
262 2062 295 2123 in
329 2061 469 2123 hostium
505 2079 623 2124 cuneos
658 2062 737 2123 coici
771 2068 907 2144 possent.
957 2062 1090 2125 Barbari
1122 2061 1234 2125 confisi
1252 2069 1288 2124 15

166 2169 228 2231 loci
245 2173 372 2248 natura,
396 2187 469 2230 cum
486 2169 636 2231 dimicare
652 2186 718 2230 non
733 2173 928 2251 recusarent,
952 2170 980 2230 si
1002 2170 1082 2232 forte
1097 2169 1233 2253 Romani

167 2275 275 2338 subire
300 2275 413 2337 collem
438 2279 642 2355 conarentur,
669 2275 887 2357 paulatimque
915 2276 1022 2357 copias
1051 2275 1233 2339 distributas

104 2402 105 2406 ¹
168 2381 326 2444 dimittere
358 2400 423 2444 non
457 2382 622 2462 auderent,
655 2400 696 2443 ne
729 2381 862 2464 dispersi
894 2382 1165 2465 perturbarentur,
1198 2384 1232 2444 iu

140 2490 505 2571 sacia-permanserunt.
543 2507 679 2570 quorum
699 2489 874 2571 pertinacia
894 2490 1019 2572 cognita
1038 2489 1151 2553 Caesar
1165 2489 1263 2552 XX2

167 2595 349 2659 cohortibus
365 2597 528 2658 instructis
543 2597 718 2676 castrisque
733 2617 770 2659 eo
785 2597 855 2658 loco
870 2597 996 2660 metatis
1010 2598 1131 2659 muniri
1146 2597 1235 2659 iubet

167 2710 275 2766 castra.
311 2703 464 2766 absolutis
481 2702 629 2785 operibus
645 2723 701 2786 pro
718 2703 801 2765 vallo
817 2703 958 2786 legiones
973 2705 1143 2767 instructas
1159 2723 1233 2767 con·
1247 2719 1263 2760 3

166 2810 261 2891 locat,
286 2810 409 2892 equites
424 2809 554 2872 frenatis
572 2811 665 2891 equis
688 2811 723 2872 in
740 2810 929 2873 stationibus
946 2811 1092 2893 disponit.
1128 2810 1263 2873 Bello-4

167 2918 246 2997 vaci,
262 2936 335 2979 cum
348 2916 508 2978 Romanos
524 2916 564 2978 ad
581 2918 814 2998 insequendum
831 2928 957 2999 paratos
971 2916 1115 2979 riderent
1130 2937 1234 3000 neque

127 3041 153 3083 io
168 3029 352 3104 pernoctare
377 3028 432 3085 aut
449 3023 569 3085 diutius
584 3043 771 3106 permanere
789 3025 857 3086 sine
876 3024 1016 3106 periculo
1036 3025 1147 3088 eodem
1164 3025 1235 3087 loco

257 3289 273 3342 9
291 3304 339 3357 pro
362 3288 452 3342 Ciocc.
467 3289 536 3354 cod,
555 3289 582 3341 in
595 3288 625 3341 X
654 3288 662 3355 11
696 3291 827 3357 ltneque
845 3289 998 3343 resistentes
1011 3306 1098 3358 neque
1110 3291 1236 3344 cedentes

165 3384 183 3451 β
214 3380 222 3445 11
256 3378 290 3430 12
309 3378 502 3446 adgrediundos
522 3396 551 3444 ας
571 3385 659 3444 emp
691 3377 699 3446 11
732 3393 845 3431 ascensu
862 3378 1029 3432 lacessendos
1047 3379 1208 3446 iudicabatp
1226 3378 1236 3451 11

170 3468 201 3520 13
221 3483 304 3520 exeo
324 3485 353 3534 ας
377 3474 446 3533 exp
487 3469 495 3536 11
538 3467 734 3538 1511111111ρῆ
758 3474 863 3536 ο1η.χβ
903 3469 912 3535 11
953 3469 1080 3521 31331113
1099 3470 1186 3522 castra
1206 3487 1235 3536 o,

167 3557 253 3610 castra
271 3556 418 3624 castrisque
436 3563 453 3622 β
485 3557 493 3624 11
530 3556 611 3609 dividi
629 3556 731 3610 rideret
749 3556 849 3625 Nipp.;
873 3557 1003 3610 diuideret
1021 3575 1055 3626 tp,
1079 3557 1143 3609 dum
1167 3557 1234 3610 diui·

168 3646 243 3698 deret
260 3645 338 3711 B¹¹03
359 3645 527 3699 dumuideret
544 3646 584 3713 A,
603 3646 773 3699 dimitterent.
793 3646 856 3698 dum
876 3647 1007 3699 diuideret
1024 3654 1041 3714 β
1072 3646 1081 3715 11
1114 3647 1147 3700 16
1167 3663 1236 3714 quae

167 3742 255 3802 ooass
287 3736 295 3803 11
326 3735 425 3788 tardari
437 3742 454 3801 β
485 3736 494 3803 11
527 3737 559 3788 17
579 3736 614 3804 id]
634 3734 737 3805 adef
757 3736 766 3804 11
793 3735 826 3789 19
839 3735 958 3789 animum
977 3734 1237 3807 3113113131χΒΜ11

123 3824 613 3895 ,fflwufflfflmffiffi

257 3931 337 3986 15.3
362 3930 542 3999 paulatimque
564 3938 594 3999 β;
621 3931 749 4000 paulatim
767 3949 798 3999 ας
825 3929 958 4001 paulatim¹
975 3932 1067 3987 autem
1089 3930 1237 4003 1711311311

167 4020 377 4086 4311313111β;
396 4022 505 4088 possent
524 4039 541 4072 α
573 4021 582 4089 11
613 4020 798 4076 turbarentur·
1096 4021 1235 4091 menapios

167 4107 307 4175 munirep
337 4109 346 4177 11
379 4108 541 4163 7absolutis
560 4127 596 4176 π;
615 4125 646 4164 ao
664 4108 760 4167 soluti!
791 4110 800 4183 j

167 4197 272 4265 uallofl
304 4199 312 4266 11
343 4197 491 4251 8313110113
511 4216 529 4250 α
560 4197 569 4266 11
602 4196 684 4255 1010
